3400 5042
824 522 872 597 le

319 722 411 764 mum
441 698 517 764 inde
546 700 644 764 etiam
670 701 703 764 in
732 701 853 765 vicinas
883 700 1030 765 nationes
1062 721 1209 764 manasse
1236 697 1373 765 videtur.

319 803 412 868 ldem
433 825 512 867 vero
534 805 693 890 probatur
714 803 898 868 fabularum
919 803 1012 891 copia
1033 801 1074 867 ad
1087 803 1279 868 affinitatem
1291 804 1376 868 Her·

319 906 397 971 culis
418 929 495 970 cum
516 905 636 986 Marte,
657 908 764 971 Sanco
787 908 931 973 Semone
954 907 1020 970 sive
1042 906 1154 971 Medio
1176 906 1293 995 Fidio,
1314 905 1376 971 ba-
1401 974 1404 979 ,

318 1010 405 1074 rium
427 1008 568 1097 denique
589 1008 798 1097 religionibus
820 1009 1051 1098 spectantium,
1072 1010 1114 1074 ita
1136 1021 1173 1074 ut
1187 1008 1376 1075 Macrobius

320 1113 443 1200 optima
464 1112 592 1177 ratione
614 1111 736 1191 dixerit,
748 1113 924 1178 Herculem
937 1112 1024 1200 apud
1045 1111 1215 1201 pontifices
1233 1111 1375 1178 eundem

319 1239 356 1281 ac
377 1217 518 1282 Martem
540 1213 652 1279 haberi
674 1220 709 1293 ⁹).

402 1317 530 1404 Quodsi
542 1341 581 1382 ex
592 1316 701 1382 indole
719 1317 846 1407 linguae
858 1320 1008 1398 Latinae,
1028 1321 1117 1402 cujus
1139 1318 1251 1384 omnia
1273 1318 1375 1385 verbs

318 1421 358 1486 ad
381 1421 609 1508 agriculturam
631 1420 784 1508 pacisque
806 1433 891 1487 artes
913 1421 1088 1510 spectantia
1112 1421 1275 1489 Graecam
1295 1433 1376 1510 prae

319 1548 353 1590 se
374 1523 481 1588 lerant
502 1523 677 1611 originem,
709 1525 750 1588 ad
772 1524 923 1590 bellicam
949 1537 1060 1590 contra
1088 1549 1160 1590 rem
1181 1523 1375 1613 pertinentia

322 1628 478 1692 barbarae
501 1649 568 1690 esse
590 1627 697 1715 stirpis
709 1627 893 1705 videantur,
914 1639 1002 1692 recte
1015 1627 1213 1693 Niebuhrius
1229 1627 1377 1710 conjecit,

320 1741 431 1819 gentes
475 1729 642 1816 quondam
694 1729 848 1795 barbaras
897 1742 933 1794 ut
974 1731 1144 1808 Etruscos,
1214 1729 1377 1811 Sabellos,

318 1833 398 1898 alios
440 1857 457 1897 e
495 1833 799 1920 septentrionalibus
844 1833 1025 1920 Apenninis
1070 1832 1238 1898 montibus
1283 1843 1374 1898 ortos

320 1936 360 2001 ad
381 1935 528 1999 mitiores
550 1934 670 1999 sensim
692 1959 726 2000 se
748 1935 971 2001 conformasse
993 1935 1214 2018 subjectorum
1229 1935 1377 2024 Pelasgo·

319 2061 394 2103 rum
416 2061 525 2102 mores
543 2049 574 2102 et
594 2038 750 2116 instituta,
773 2062 841 2102 non
858 2038 1038 2103 absurdum
1062 2061 1139 2103 sane
1151 2037 1279 2104 videtur
1299 2037 1375 2104 inde

321 2141 482 2229 colligere,
510 2141 606 2205 etiam
629 2153 762 2206 cruenta
783 2141 836 2205 illa
862 2141 998 2206 istarum
1019 2141 1189 2206 nationum
1219 2164 1308 2206 sacra
1337 2140 1378 2206 si·

320 2244 387 2313 mili
410 2244 536 2308 ratione
557 2245 590 2307 in
614 2242 841 2309 humaniorem
864 2244 1100 2332 cautioremque
1121 2243 1214 2309 illum
1236 2243 1376 2308 deornm

320 2347 444 2412 cultum
470 2347 645 2424 transiisse,
669 2346 705 2411 in
735 2368 800 2434 quo
831 2346 914 2412 laeta
942 2347 1158 2434 agricolarum
1189 2346 1376 2413 italicorum

321 2450 402 2514 festa
424 2448 612 2514 niterentur.
1352 2437 1354 2440 ’

404 2552 563 2617 Videmus
584 2551 681 2638 igitur
700 2551 831 2616 subesse
855 2552 1022 2640 quoddam
1043 2552 1111 2618 veri
1124 2551 1377 2618 fundamentum

320 2654 450 2734 fabulis,
483 2654 599 2745 quibus
624 2654 744 2742 Pelasgi
773 2679 789 2719 a
813 2655 1028 2721 Samothrace
1049 2655 1152 2720 insula
1175 2667 1230 2720 aut
1256 2678 1295 2720 ex
1318 2657 1379 2721 Ar-

320 2757 409 2824 cadia
439 2757 471 2822 in
500 2757 623 2823 ltaliam
649 2755 848 2823 transtulisse
870 2758 1035 2824 Saliorum
1061 2781 1151 2825 sacra
1177 2759 1377 2826 dicebantur.

320 2864 532 2879 m

362 2900 388 2970 ⁹)
424 2901 496 2956 Nota
514 2916 554 2958 est
571 2902 659 2958 fabula
677 2903 711 2958 de
730 2902 836 2959 Potitiis
855 2925 885 2960 ac
902 2904 1028 2969 Pinariis,
1052 2904 1086 2961 de
1105 2903 1177 2962 Creo
1196 2917 1224 2960 et
1242 2903 1379 2977 Geryonis

424 2991 519 3046 bobus.
555 2992 597 3045 Ab
615 2991 735 3048 Hercule
753 2993 830 3047 Fabii
848 3013 920 3046 snam
937 2993 1044 3068 stirpem
1062 2995 1227 3068 repetebant.
1250 2993 1378 3050 Pinaria.

424 3079 489 3136 Fab.
508 3081 581 3134 Max.
600 3101 622 3136 c·
637 3083 660 3134 l.
698 3079 764 3134 Cum
782 3079 860 3136 Rhea
877 3081 969 3151 sylvia
988 3081 1117 3138 Hercules
1136 3082 1298 3138 Aventinum
1315 3102 1379 3157 pro·

423 3168 515 3238 gennit
532 3166 606 3241 Virg.
625 3169 692 3223 Aen.
710 3170 773 3233 VII,
790 3168 859 3238 6593
877 3170 998 3226 Macrob.
1016 3170 1130 3235 sastlt,
1151 3172 1190 3226 l2.
1211 3172 1327 3229 -saiiom
1346 3213 1352 3228 .
1370 3211 1378 3227 .

424 3257 535 3312 Herculi
554 3258 668 3329 assignat
686 3256 916 3329 (Virgiliusscil.),
935 3260 996 3332 quia
1013 3258 1034 3313 is
1052 3259 1117 3314 dens
1136 3273 1164 3315 et
1180 3261 1252 3335 apud
1268 3259 1380 3336 pontifi·

424 3367 466 3401 ces
485 3347 567 3409 idem,
585 3345 630 3418 qui
648 3358 675 3401 et
684 3347 757 3401 Mars
775 3347 915 3403 hebetum.
942 3348 1033 3419 ltaque
1046 3350 1117 3403 Acca
1125 3348 1269 3406 laurentia
1286 3350 1379 3406 nutrix

423 3435 531 3490 Romuli
552 3454 583 3490 ac
601 3433 678 3490 Remi
699 3435 850 3492 concubina
877 3449 918 3491 est
939 3435 1064 3491 Herculis
1082 3439 1204 3494 Macrob.
1223 3438 1279 3494 Sat.
1297 3439 1318 3503 1,
1336 3439 1375 3494 10.

424 3524 457 3578 cf.
476 3525 611 3579 Kreutaer
629 3525 741 3580 Homer.
761 3545 810 3598 epp
837 3546 863 3598 p.
885 3523 950 3590 tao,
975 3538 1003 3579 et
1019 3525 1137 3580 Sancum
1155 3526 1300 3582 Semouem
1318 3546 1376 3582 eum

423 3612 543 3668 Hercule
566 3613 695 3668 conlundi
718 3627 822 3669 constat
850 3613 932 3669 Orid.
955 3613 1027 3667 Fast.
1050 3612 1174 3677 V1,213
1195 3636 1251 3689 sq.;
1289 3615 1378 3672 Varro

423 3701 454 3754 L.
472 3701 501 3754 L.
521 3700 555 3764 V,
575 3703 615 3777 10.
634 3722 660 3774 p.
675 3702 715 3756 73.
736 3702 777 3756 ed.
797 3702 947 3776 Speng.·-
965 3701 1009 3756 De
1027 3701 1146 3757 Hercule
1162 3703 1234 3777 apud
1250 3703 1378 3762 Etruscos

424 3789 456 3843 cl.
474 3789 509 3842 K.
532 3789 566 3844 0.
585 3789 680 3846 Muell.
707 3791 813 3847 Etrusc.
839 3790 880 3853 H,
896 3810 921 3863 p.
938 3788 1003 3852 279,
1028 3791 1089 3844 301.
1140 3791 1172 3845 lo
1198 3789 1378 3847 monumentis

423 3875 540 3932 Etruscis
558 3877 683 3934 Herculis
700 3898 801 3934 nomen
819 3876 930 3950 legitur:
957 3877 1071 3941 Hercle,
1096 3878 1231 3950 Hercele,
1258 3878 1379 3937 Hereole

424 3965 518 4021 Muell.
535 3966 637 4022 Etrusc.
657 3967 677 4032 l,
686 3987 711 4040 p.
721 3967 763 4022 61.
801 3966 873 4023 Osca
890 3965 995 4039 lingua:
1014 3965 1167 4034 Herakleia,
1185 3967 1213 4022 in
1231 3968 1286 4024 tab.
1298 3966 1379 4024 Abel-

423 4052 477 4107 lan.
496 4053 560 4108 ibid.
579 4056 605 4120 1,
622 4056 663 4110 37.
700 4055 839 4112 Facillime
858 4068 943 4110 autem
962 4054 1087 4110 Herculis
1105 4075 1205 4112 nomen
1224 4057 1252 4111 iu
1269 4056 1378 4111 Latinas

424 4141 567 4213 religiones
585 4163 613 4199 se
630 4143 763 4199 insinuare
780 4156 901 4217 poterat,
920 4144 992 4216 qnod
1009 4144 1137 4199 habemus
1156 4143 1298 4200 ibiJorem
1307 4145 1381 4201 Her-

424 4231 504 4295 cinm,
527 4230 628 4287 Herem
646 4233 793 4300 Marteam,
808 4231 928 4288 Heriem
944 4232 1074 4296 Jnuonis,
1092 4231 1236 4288 Hersiliam
1253 4233 1379 4306 denique,

424 4318 496 4375 unde
515 4319 593 4377 lacile
611 4339 666 4378 vox
685 4319 818 4378 mehercle
841 4333 869 4377 et
890 4321 977 4376 nodus
994 4317 1144 4377 Herculeus
1167 4319 1308 4377 derivatur.
