3400 5042
800 542 875 618 186

386 715 464 801 Quo
486 715 520 782 in
542 738 660 804 genere
682 716 818 782 minime
840 715 1070 804 negligendum
1093 727 1157 793 est,
1177 713 1266 780 hand
1287 735 1362 780 raro

197 870 200 874 s
304 819 335 882 in
365 817 498 882 historia
528 818 675 882 Romana
704 817 814 904 priora
842 817 989 882 fabulosa
1016 818 1119 904 repeti
1142 815 1228 880 etin
1250 837 1362 880 recen·

306 917 405 982 tiores
426 940 478 982 res
499 917 684 983 immisceri.
728 919 781 984 Sic
804 918 920 983 Tullus
945 918 1100 982 Hostilius
1122 919 1166 981 ob
1188 916 1363 1003 religiones

230 1071 235 1080 .
305 1029 360 1083 aut
382 1017 542 1104 neglectas
564 1029 618 1082 aut
640 1018 725 1084 male
747 1030 873 1085 curetes
895 1019 1032 1085 fulmine
1054 1017 1134 1084 ictus
1149 1015 1364 1104 conflagrasse

305 1116 422 1184 dicitur
449 1129 485 1183 ut
506 1118 711 1185 Albanorum
740 1118 874 1208 quidam
908 1119 1033 1208 priscus
1062 1141 1133 1197 rex,
1169 1117 1214 1182 sic
1236 1115 1363 1184 Obrisis

305 1216 417 1305 pballo
438 1217 568 1306 gravida
590 1218 627 1285 fit
647 1219 766 1286 eodem
788 1219 891 1285 modo
913 1230 949 1285 ut
959 1219 1074 1285 ancilla
1085 1216 1249 1286 Tarchetii
1272 1218 1366 1284 Etru-

306 1342 438 1385 acorum
461 1319 553 1407 regis.
596 1322 642 1387 Ut
662 1343 764 1408 porro
786 1344 804 1385 e
825 1319 928 1385 tribus
952 1321 1093 1386 lloratiis
1114 1343 1189 1386 eum
1211 1317 1365 1384 Curiatiis

306 1420 526 1508 pugnantibus
549 1422 614 1485 duo
637 1422 765 1498 cadunt,
787 1421 900 1486 tertius
912 1421 1016 1487 victor
1026 1422 1156 1499 exstitit,
1178 1419 1365 1484 sicetribus

307 1523 464 1596 Romanis
486 1523 541 1610 qui
563 1535 701 1610 pontem
723 1547 740 1587 a
764 1525 929 1587 Porsenna
956 1524 1137 1588 defendunt
1163 1523 1229 1587 duo
1252 1523 1286 1585 in
1307 1521 1367 1584 llu-

308 1649 383 1689 men
406 1625 572 1702 desiliunt,
611 1625 723 1689 tertius
747 1626 901 1690 Horatius
924 1624 1044 1690 Cocles
1071 1627 1193 1713 patriae
1221 1635 1366 1688 servator

308 1739 434 1804 manet,
466 1727 572 1791 donec
593 1750 676 1814 pons
703 1727 800 1813 plane
828 1739 944 1814 ruptus
965 1741 1023 1791 est.
1066 1729 1135 1792 Nec
1161 1727 1291 1790 fortuita
1319 1737 1367 1788 est

308 1829 486 1894 similitudo
508 1829 668 1916 quaedam
691 1829 894 1894 intercedens
911 1831 995 1893 inter
1008 1830 1209 1893 narrationes
1221 1828 1261 1892 de
1273 1826 1366 1890 Rhea

308 1931 421 2008 Silvia,
442 1932 597 2017 Tarpeia,
620 1931 782 2007 Lucretia,
807 1931 950 2017 Virginis
972 1931 1118 2008 traditas,
1145 1954 1228 2017 quae
1251 1952 1367 1993 ornnes

309 2032 448 2117 virgines
469 2031 552 2097 virili
574 2032 706 2096 libidine
729 2032 761 2094 in
783 2044 956 2096 cruentum
979 2032 1112 2098 exitium
1129 2032 1287 2096 deductae
1299 2054 1367 2094 esse

309 2134 466 2198 dicantur.
497 2134 584 2198 Natu
606 2133 646 2198 ad
668 2133 749 2198 haec
771 2145 913 2221 quatuor
933 2136 1065 2199 nomina
1087 2158 1139 2198 res
1159 2133 1368 2220 gravissimae

310 2235 343 2300 in
365 2235 492 2300 historia
509 2236 661 2300 Romana
677 2259 823 2300 annexae
843 2248 931 2299 sunt:
954 2236 1055 2323 ipsius
1073 2237 1163 2300 urbis
1179 2231 1368 2321 primordia,

309 2336 457 2402 coloniae
479 2336 618 2402 Sabinae
640 2336 798 2401 adrentus
818 2337 851 2400 in
875 2336 1064 2426 Capitolino
1087 2349 1208 2414 monte,
1230 2336 1368 2423 'l'erqui-

309 2438 440 2502 niorum
452 2461 567 2525 regum
579 2439 703 2518 eiectio,
715 2439 820 2525 plebis
831 2439 963 2504 libertas
974 2463 991 2503 a
1005 2440 1213 2526 patriciorum
1228 2441 1367 2503 Decern-

309 2539 457 2604 virorum
477 2539 649 2629 tyrannide
670 2540 840 2608 vindicata.

394 2642 451 2706 His
473 2665 550 2706 vero
573 2666 591 2707 e
613 2642 861 2729 repetitionibus
889 2642 1096 2731 perspicitur,
1125 2645 1190 2724 jam
1222 2644 1263 2707 ab
1287 2643 1366 2708 Anci

308 2743 416 2808 Martii
438 2743 651 2831 temporibus,
673 2744 761 2810 unde
782 2744 915 2831 incipiat
929 2744 1063 2810 historia
1080 2747 1241 2822 Romana,
1263 2745 1295 2807 in
1317 2768 1369 2808 re-

309 2844 484 2931 ligionibus
505 2857 602 2934 atque
629 2845 745 2911 animis
774 2846 893 2910 civium
922 2848 1150 2912 Romanorum
1178 2847 1368 2909 exstinctam

310 2947 408 3011 luisse
429 2947 496 3011 vim
518 2970 556 3012 ac
582 2947 769 3012 facultatem
795 2948 900 3025 illam,
933 2972 995 3036 qua
1024 2971 1128 3014 novae
1157 2948 1285 3012 fabulae
1311 2971 1368 3011 seu

310 3049 415 3138 mythi
437 3050 602 3136 procreari
625 3061 657 3115 et
678 3049 805 3114 contexi
827 3062 972 3137 possent.

393 3153 525 3217 Praeter
546 3151 631 3216 lianc
653 3175 732 3216 vero
759 3153 1074 3240 argumentationem
1096 3177 1114 3218 e
1136 3165 1249 3218 natura
1278 3154 1369 3217 labu-

310 3257 415 3320 larum
438 3267 471 3319 et
492 3254 674 3319 carminum
696 3277 865 3319 sacrorum
887 3256 1034 3332 ductam,
1056 3256 1283 3342 contemplatis
1305 3259 1370 3320 lto·

310 3378 487 3422 manorum
519 3356 750 3444 antiquissimis
783 3357 952 3421 literarum
985 3358 1208 3422 monumentis
1235 3358 1369 3443 planum

309 3459 355 3535 fit,
377 3482 591 3546 quaecunque
613 3459 710 3524 etiam
733 3481 848 3524 eorum
871 3471 1069 3546 temporum,
1091 3461 1132 3524 de
1153 3461 1272 3548 quibus
1284 3473 1369 3524 certa

310 3573 435 3626 exstent
455 3561 651 3639 testimonia,
671 3561 818 3625 sabulosa
841 3561 1020 3640 videantur,
1041 3587 1109 3627 non
1131 3588 1170 3627 ex
1192 3562 1291 3648 epicis
1303 3587 1371 3625 car-

310 3663 469 3740 minibus,
501 3663 558 3727 sed
587 3687 605 3727 e
633 3663 729 3728 sacris
756 3663 847 3727 libris
874 3664 1012 3729 fluxisse.
1063 3667 1114 3730 Ab
1142 3665 1371 3752 antiquissimis

310 3766 399 3830 enirn
420 3765 626 3852 temporibus
647 3766 791 3852 primum
816 3765 968 3832 dicuntur
988 3769 1105 3832 servati
1125 3791 1372 3832 essecommen·

310 3868 381 3932 tarii
402 3890 526 3954 regum,
548 3891 630 3954 quos
648 3880 755 3934 totum
773 3872 821 3950 jus
832 3893 961 3934 sacrum
979 3871 1174 3935 continuisse
1194 3870 1372 3957 antiquissi-

310 3994 420 4048 murn,
452 3993 528 4034 curn
550 3970 591 4034 ab
614 3970 683 4034 aliis
710 3972 788 4037 viris
810 3973 928 4050 doctis,
959 3984 1070 4037 tuma
1093 3973 1280 4038 Petersenio
1302 3973 1373 4037 dili-

309 4085 425 4160 genter
446 4072 629 4160 expositum
651 4085 699 4138 est
710 4080 744 4153 ⁶),
767 4075 886 4140 deinde
898 4089 930 4142 et
940 4075 1131 4164 pontificum
1144 4087 1177 4141 et
1188 4087 1371 4141 ceterorum

315 4177 527 4194 -fi——Q-——u

362 4217 390 4285 θ)
408 4216 451 4272 De
469 4217 631 4288 singulorum
655 4239 745 4290 regum
762 4221 885 4284 Romuli,
911 4197 1029 4286 Numae,
1055 4221 1130 4276 Tulli
1149 4219 1275 4286 Hostilii,
1302 4222 1371 4274 Anci
1409 4271 1413 4280 ,

414 4305 507 4362 Martii
537 4309 733 4365 commentariis
768 4309 884 4383 disputat
911 4311 1041 4366 l‘eterreu
1074 4310 1168 4382 Origg.
1196 4311 1267 4366 trist.
1294 4311 1372 4366 Rom.
