3400 5042
827 525 877 600 21

323 701 384 766 liae
405 700 542 765 urbibus
564 699 601 764 iis
623 700 763 766 maxime
786 699 846 766 diis
857 711 1056 779 consecrata,
1077 701 1133 790 qui
1150 724 1282 770 summo
1292 706 1380 795 apud

324 802 464 891 singulas
491 815 603 892 gentes
628 803 785 869 florerent
809 803 951 882 honore,
982 826 1061 869 mox
1086 815 1218 891 praeter
1237 820 1274 871 ea
1295 830 1379 896 quae

323 907 462 972 diximus
488 907 583 994 plura
611 905 789 971 afferemus
816 919 1019 992 argumente,
1051 907 1093 972 ab
1119 906 1264 974 Etruscis
1288 927 1379 977 sacra

324 1010 488 1076 Saliorum
510 1031 585 1074 cum
608 1009 640 1072 in
662 1008 739 1074 alias
761 1009 842 1074 Latii
866 1010 977 1087 urbes,
1007 1020 1079 1073 tum
1101 1009 1245 1075 Romam
1264 1034 1381 1101 perve-

322 1113 420 1191 nisse,
451 1111 561 1201 ibique
583 1112 681 1176 Marti
714 1111 875 1176 conditori
908 1123 1005 1200 atque
1032 1111 1154 1177 auctori
1175 1113 1290 1202 populi
1313 1117 1380 1182 llo·

322 1214 411 1279 mani
445 1213 591 1279 dedicata
629 1237 708 1279 ease.
774 1213 875 1299 Quod
908 1237 926 1278 a
958 1214 1067 1278 Numa
1108 1212 1231 1280 factum
1262 1239 1379 1284 omnes

323 1317 497 1405 scriptores
517 1316 645 1381 tradere
667 1339 734 1381 non
756 1316 879 1381 mirum
902 1328 963 1394 est,
984 1316 1142 1405 quoniam
1163 1315 1217 1383 hic
1226 1329 1261 1383 ut
1271 1319 1379 1386 Evan-

322 1419 394 1499 der,
415 1421 533 1497 Janus,
555 1418 724 1495 Hercules,
753 1430 884 1483 cruenta
907 1442 995 1484 sacra
1017 1418 1207 1498 abolevisse,
1228 1433 1262 1486 et
1282 1421 1376 1512 fruge

323 1522 530 1587 deosculare
552 1525 678 1610 primus
700 1522 870 1586 Romanos
893 1522 1040 1587 docuisse
1061 1523 1236 1610 putabatur
1251 1529 1299 1604 “).

406 1627 591 1713 Hucusque·
605 1647 688 1712 quae
710 1625 794 1689 dicta
816 1637 892 1688 sunt
905 1625 1088 1711 probantur
1102 1625 1379 1716 contemplatione

322 1728 451 1794 fabulae
484 1729 524 1791 ab
559 1727 681 1792 Ovidio
709 1732 750 1807 ¹⁵)
783 1725 917 1814 aliisque
950 1727 990 1791 de
1023 1728 1158 1815 origine·
1185 1730 1378 1797 anciliorum

321 1843 470 1896 narratae
502 1830 591 1895 hunc
622 1831 656 1894 in
689 1829 845 1894 modum:
889 1829 1002 1914 Quum
1034 1831 1128 1896 Jovis
1171 1831 1262 1898 Elicii
1304 1833 1377 1900 irati

322 1934 458 1999 fulmina
491 1932 632 1998 humana
666 1933 769 2021 capita
801 1954 939 2019 poscere
971 1933 1176 2013 viderentur,
1217 1935 1326 2002 Numa
1358 1960 1378 2003 a

323 2037 438 2102 Fauno
455 2036 575 2100 etPico
597 2036 696 2123 captis
719 2035 862 2123 doloque
874 2035 988 2100 vinctis
999 2035 1185 2114 instructus,
1206 2039 1377 2126 quomodo

322 2140 414 2204 illum
436 2163 454 2204 e
476 2138 565 2203 caelo
578 2139 693 2203 elicere
711 2144 836 2226 posset,
857 2139 965 2225 caepis
985 2161 1047 2226 pro
1058 2137 1210 2205 humanis
1220 2141 1378 2228 capitibus

323 2242 439 2307 oblatis
461 2244 529 2323 ejus
550 2242 632 2305 iram
660 2241 701 2304 ita
729 2240 850 2328 placat,
882 2251 918 2303 ut
942 2241 1081 2329 Jupiter,
1111 2243 1228 2330 pignus
1249 2243 1377 2333 imperii

321 2369 355 2410 se
385 2367 462 2432 rege
494 2343 646 2409 daturum
668 2342 845 2430 pollicitus,
878 2343 1013 2407 meridie
1041 2343 1143 2408 ancile
1175 2347 1377 2435 inspectante

322 2447 448 2536 populo
471 2446 511 2510 de
533 2446 626 2511 coelo
649 2446 784 2526 dejiciat.
840 2445 941 2531 Quod
963 2469 1005 2510 ne
1026 2447 1255 2534 pessumdetur
1274 2449 1378 2540 impe·

322 2551 359 2614 rii
381 2550 513 2637 pignus,
547 2549 702 2613 Veturius
724 2549 906 2612 Mamurius
928 2549 1055 2636 opifex,
1087 2550 1172 2638 regis
1202 2553 1291 2634 jussu
1317 2576 1377 2618 un·

323 2653 430 2718 decim
452 2651 519 2717 aliis
540 2651 650 2740 primo
677 2651 846 2716 simillimis
868 2650 1030 2716 fabricatis
1051 2651 1226 2736 ancilibus,
1256 2654 1291 2720 id
1316 2654 1377 2722 sibi

320 2756 505 2844 praemium
526 2755 684 2842 postulat,
716 2766 752 2818 ut
778 2754 876 2842 ipsius
898 2777 1021 2818 nomen
1043 2755 1250 2822 sacerdotum
1271 2757 1377 2824 Salio·

321 2883 396 2924 rum
418 2860 451 2922 in
473 2858 670 2922 carminibus
692 2857 884 2945 appelletur.
927 2857 1067 2922 Sensum
1093 2857 1191 2946 igitur
1211 2858 1308 2942 hujus
1329 2861 1377 2927 la·

321 2963 417 3027 bulae
439 2961 599 3050 explicare
621 2962 775 3025 conabor.

404 3065 554 3129 Primum
576 3063 709 3152 quidem
732 3063 920 3144 Veientium
947 3063 1040 3128 illum
1071 3086 1184 3152 regem
1205 3064 1377 3146 Morrium,

322 3169 421 3233 deum
443 3168 628 3232 Mavortem
650 3167 716 3231 sive
738 3167 936 3232 Mamertcm
958 3167 1025 3231 sive
1046 3167 1266 3250 Marmarem,
1286 3169 1377 3234 utin

321 3273 459 3339 lratrum
482 3269 649 3337 Arvalium
670 3269 814 3335 versibus
836 3269 1038 3350 nominatur,
1062 3270 1265 3337 Mamurium
1286 3271 1378 3338 deni·

323 3401 386 3465 que
408 3375 538 3440 labrum
560 3373 699 3438 eandem
721 3371 900 3459 significare
928 3396 999 3437 rem
1022 3372 1244 3463 speciemque,
1276 3399 1377 3442 eno·

321 3481 449 3545 minum
471 3476 679 3543 similitudine
700 3475 794 3541 facile
815 3477 926 3541 nescio
947 3499 987 3541 an
1009 3475 1211 3557 conjiciatur,
1230 3501 1377 3566 praeser-

322 3584 381 3648 tim
419 3605 522 3670 quum
557 3583 623 3662 jam
662 3590 785 3644 veteres
823 3579 865 3645 de
896 3601 1037 3666 persona
1073 3578 1158 3644 labri
1189 3579 1377 3662 dubitarint,

355 3765 392 3836 u)
428 3767 519 3825 Schol.
537 3766 572 3822 ad
590 3767 660 3821 Hor.
671 3765 757 3820 Carni.
775 3766 796 3828 l,
813 3766 864 3822 272
898 3765 966 3820 Salii
983 3765 1134 3822 sacerdotes
1151 3763 1248 3822 Martia
1265 3768 1378 3824 etller·

424 3855 488 3910 culis
507 3855 675 3919 dicebantur,
703 3855 747 3928 qui
773 3875 846 3910 sacra
864 3855 1001 3910 saltatibus
1020 3855 1202 3912 celebrabant.
1251 3857 1375 3914 Macrob.

424 3946 479 4007 lll,
502 3946 550 3998 12:
585 3946 643 4000 lino
669 3943 843 4016 antiquissimi
872 3942 938 3998 Salii
963 3943 1092 3999 ridentur
1117 3943 1269 4000 sacerdotes
1295 3945 1376 4002 fuisse

425 4033 561 4102 Herculis,
589 4035 677 4088 donee
695 4033 782 4086 Numa
800 4031 885 4087 Marti
910 4052 957 4087 eos
985 4031 1159 4089 consecrarit.
1213 4031 1286 4088 Plia.
1303 4033 1375 4090 Hine.

424 4122 486 4176 Nat.
504 4122 608 4187 xv111‚
625 4124 658 4178 2:
693 4121 780 4176 Numa
806 4121 923 4176 instituit
948 4121 1014 4177 deos
1039 4123 1115 4193 stage
1141 4121 1231 4178 colere
1252 4134 1281 4178 et
1304 4122 1377 4180 mola

424 4211 493 4266 salsa
509 4209 666 4283 supplicare.

357 4297 393 4370 ¹⁸)
429 4299 512 4354 Ovid.
529 4300 600 4355 Faat.
617 4300 670 4364 111.
686 4300 755 4367 3853
788 4298 861 4355 Plut.
877 4298 1149 4354 stellante-1⁵.
