3400 5042
811 501 858 575 77

392 680 575 762 Praeceptat
607 674 640 740 in
672 675 784 742 Saliari
814 677 958 742 carmine
985 687 1045 755 eat,
1082 699 1177 763 saepe
1206 683 1364 763 praecipit.

312 779 394 843 Fest.
417 799 448 864 p.
470 782 540 843 2⁰5.
562 800 645 866 quae
667 776 800 865 quidem
821 801 886 842 vox
911 778 951 843 ad
980 778 1169 866 magistrum
1191 801 1247 843 aeu
1266 800 1363 865 prae·

310 896 457 963 ceptorem
477 878 640 944 Saliorum
661 878 754 944 facile
775 881 937 967 pertinere
958 881 1093 948 videtur.

393 985 625 1062 »Praedotebnt,
650 993 873 1069 praeoptant«
915 982 1027 1048 Muell.
1048 995 1130 1048 not:
1164 988 1364 1069 praedopiunt

312 1085 395 1165 conj.
418 1083 539 1148 Meurs.
566 1083 787 1170 probabiliter.
832 1082 1060 1172 Compositum
1091 1096 1139 1149 est
1160 1109 1177 1150 e
1195 1092 1294 1172 praed
1312 1091 1365 1168 (ut

310 1192 372 1264 red,
393 1191 456 1264 sed,
473 1187 569 1271 prad)
586 1197 620 1251 et
632 1211 731 1272 opere,
752 1185 841 1276 quod
853 1186 1085 1276 frequentative
1101 1186 1218 1252 dicitur
1233 1203 1365 1274 optare.t

311 1290 354 1352 At
375 1309 501 1366 vereor,
522 1310 564 1353 ne
586 1288 723 1353 verbum
744 1288 952 1376 praedotiont
971 1300 1057 1354 recte
1070 1289 1226 1377 scriptum
1239 1291 1287 1368 ait,
1308 1291 1364 1357 aed

310 1389 492 1477 explanatio
512 1391 712 1476 grammatici
734 1391 822 1455 falsa.
867 1391 998 1456 Etenim
1027 1398 1220 1476 praedotiont
1242 1418 1259 1458 a
1282 1399 1362 1473 dote,

310 1499 434 1570 dotare,
461 1495 590 1572 (dotire)
617 1493 845 1582 deducendum
872 1495 904 1557 in
931 1493 1069 1581 antiquis
1096 1497 1363 1582 comprecationi-

311 1597 370 1658 bus
391 1594 509 1659 eodem
526 1619 622 1659 sensu
634 1597 884 1681 pronunciatum
897 1597 1023 1660 videtur
1036 1620 1102 1684 quo
1113 1603 1198 1662 duint
1209 1603 1264 1673 dr'i3
1286 1599 1366 1662 sicut

311 1698 407 1761 etiam
429 1720 526 1784 supra
548 1698 581 1761 in
604 1699 744 1763 carmine
771 1700 885 1764 Saliari
913 1700 1095 1765 invenimus
1121 1705 1191 1765 dori
1213 1724 1274 1788 pro
1297 1708 1368 1766 dari

311 1800 477 1886 scripturn.

393 1908 577 1987 »Praepetes
598 1926 672 1968 aves
693 1903 827 1992 quidam
856 1903 918 1968 dici
945 1906 1049 1984 aiunt,
1081 1906 1156 1995 quia
1184 1907 1363 1970 secundum

310 2007 488 2092 auspicium
508 2005 629 2070 faciant
646 2015 913 2091 praetervolantes,
933 2009 997 2085 alii,
1018 2009 1108 2097 quod
1130 2020 1185 2072 aut
1206 2032 1253 2084 ea,
1280 2032 1363 2096 quae

307 2124 519 2194 praepetamus
544 2108 700 2188 indicent,
736 2121 791 2174 aut
818 2110 908 2198 quod
933 2111 1193 2197 praetervolent«
1220 2161 1229 2178 .
1252 2155 1291 2174 ..
1320 2112 1361 2174 cf.

234 2288 237 2293 p
310 2213 395 2281 Fest.
416 2235 448 2298 p.
470 2217 539 2276 205.
582 2210 700 2277 Melius
727 2212 811 2276 Fest.
838 2235 870 2298 p.
893 2219 973 2278 245:
1007 2218 1193 2299 »Praepetes
1219 2237 1293 2278 aves
1316 2213 1363 2276 di-

311 2325 427 2378 cuntur
453 2337 536 2402 quae
563 2335 596 2376 se
625 2325 698 2378 ante
725 2314 946 2401 auspicantem
978 2316 1104 2393 ferunt,
1140 2338 1218 2379 nam
1250 2321 1369 2400 antiqui

308 2431 487 2502 praepetere
508 2415 658 2479 dicebant
678 2439 739 2503 pro
761 2422 906 2482 anteire«
950 2417 990 2480 cf.
1012 2417 1099 2481 Fest.
1119 2441 1152 2505 p.
1174 2423 1249 2482 206:
1283 2422 1363 2482 »Pe-

311 2527 459 2584 tauristas
481 2563 491 2582 .
511 2562 551 2582 ..
578 2520 683 2582 Aelius
716 2519 804 2606 quod
837 2520 871 2583 in
902 2545 972 2584 aere
1003 2520 1143 2583 volent«
1198 2517 1364 2584 Convenit

307 2639 469 2708 praepetes
490 2631 636 2686 accurate
659 2644 734 2684 cum
758 2623 895 2702 ascolunt
916 2634 948 2686 et
968 2629 1086 2707 sesopia
1098 2621 1274 2688 Saliaribus
1295 2645 1366 2686 ver-

311 2724 370 2789 bis.
393 2725 433 2788 cf.
457 2722 572 2810 Bergk.
594 2723 614 2787 l.
636 2747 663 2787 c.

393 2832 519 2892 »Pretet
550 2833 691 2892 tremonti
718 2838 944 2915 praetremunt
973 2850 1045 2914 pe«
1103 2827 1187 2890 Fest.
1220 2851 1252 2914 p.
1273 2833 1363 2902 *2053

311 2931 414 3017 glossa
436 2930 678 3016 corruptissima
700 2953 798 3017 quam
819 2929 907 2994 varie
933 2929 1021 2993 editt.
1047 2941 1213 2993 tentarunt
1237 2930 1364 2994 frustra.

310 3032 442 3098 Muell.:
477 3058 569 3116 »prae
591 3047 635 3097 tet
656 3034 697 3114 (i.
720 3056 746 3097 e.
773 3032 849 3113 ted)
875 3037 1034 3112 tremonti,
1064 3044 1289 3118 praetremunt
1314 3037 1366 3114 (ut

311 3135 428 3200 dicitur
443 3147 634 3220 praemetuo
650 3140 710 3216 te);
732 3134 891 3199 Doricum
907 3131 1072 3218 τρέμοντι
1086 3157 1147 3221 pro
1164 3131 1361 3218 tollebatur«

312 3242 356 3302 At
386 3237 546 3319 ejusmodi
577 3239 722 3302 sormam
753 3263 771 3302 a
799 3237 911 3303 Saliari
943 3259 1096 3302 sermone
1127 3237 1264 3302 alienam
1298 3263 1365 3302 esse

312 3342 430 3406 docent
464 3340 578 3405 verba:
621 3342 773 3422 asaalrmt,
809 3347 958 3420 astasr‘nt,
994 3344 1163 3417 tabcscunt,
1205 3348 1365 3426 explanant

307 3448 509 3529 praedotrbnt.
542 3443 632 3528 Quid
660 3444 788 3508 multa?
816 3449 924 3508 Pretet
945 3449 1087 3507 tremonti
1099 3441 1294 3530 borruptum
1317 3456 1365 3508 est

312 3572 329 3610 e
347 3562 529 3632 praetexere
549 3553 643 3612 monti
662 3546 751 3634 quod
772 3570 870 3634 supra
891 3547 1034 3632 legimus.
1058 3546 1099 3609 cf.
1120 3545 1173 3610 Fr.
1195 3547 1257 3610 No.
1280 3553 1308 3612 9.

394 3655 553 3715 »Priviclcb
581 3677 633 3730 es,
664 3649 763 3738 privis
790 3650 822 3714 id
851 3662 898 3714 est
924 3647 1086 3735 singulis«
1134 3650 1217 3713 Fest.
1240 3674 1271 3734 p.
1294 3657 1364 3714 205.

312 3751 423 3819 Muell.
446 3775 520 3815 cum
538 3752 670 3817 Ursinio
692 3759 851 3838 priaiclaes
867 3776 927 3838 pro
946 3758 1099 3835 priaiaulis
1115 3751 1190 3816 vult.
1215 3752 1364 3816 Lindem.

308 3861 473 3938 priooloes3
499 3855 532 3918 in
554 3855 698 3940 margine
721 3857 877 3942 scriptum
902 3861 1026 3940 pn'n'oio
1049 3882 1082 3918 es
1103 3855 1144 3918 cf.
1166 3855 1282 3942 Bergk.
1300 3855 1319 3918 l.
1338 3880 1364 3919 c.

312 3957 541 4042 Quamobrem
573 3969 608 4021 ut
632 3964 744 4022 semeio
776 3960 836 4037 (cf.
864 3959 895 4022 h.
923 3964 972 4034 v.)
1005 3957 1120 4021 dicitur
1150 3982 1211 4068 pro
1243 3966 1368 4023 sananti

310 4062 343 4124 in
371 4060 514 4123 carmine
542 4060 673 4141 Saliari,
699 4061 743 4126 sic
767 4067 891 4146 privioio
918 4085 979 4148 pro
1003 4067 1121 4145 privata
1145 4071 1222 4117 otu
1243 4061 1365 4126 dictum

309 4163 457 4228 arbitror.
