3400 5042
812 523 885 600 18⁸1

517 701 551 780 c)
571 703 670 765 noma
689 701 793 765 domus
805 699 887 783 fiat:
919 701 1011 782 Vesus
1031 705 1160 780 murata
1182 702 1328 790 Qualitas,

572 803 610 864 Si
626 824 684 866 non
705 815 736 865 et
761 802 790 863 V
789 801 853 882 ejus
873 816 1003 886 occupat
1022 807 1085 867 ista
1105 806 1255 882 domur').

405 899 466 964 llic
485 900 594 988 primo
615 900 650 965 in
672 899 811 966 disticho
838 900 996 990 oppositis
1023 903 1178 968 acerrime
1205 903 1326 969 severis
1347 915 1381 969 et

319 999 399 1082 jocis
420 998 634 1089 adhibitoque
656 1001 775 1067 eodem
797 1004 899 1068 verbo
927 1001 981 1067 hic
1009 1003 1179 1081 translato,
1212 1003 1276 1069 illic
1302 1027 1380 1092 pm-

321 1100 394 1188 prio
416 1125 520 1181 sensu,
541 1103 632 1168 Nero
654 1126 730 1168 cum
742 1105 854 1169 Aenea
876 1115 1094 1194 comparatur,
1114 1103 1380 1194 inalterolepida

320 1205 402 1270 Nem
424 1208 570 1272 citharam
592 1209 729 1284 tendens,
751 1203 830 1269 dum
852 1205 980 1270 Romae
1002 1203 1153 1271 incendio
1175 1207 1295 1288 Troiae
1317 1205 1381 1273 exi·

320 1304 403 1370 tium
424 1304 579 1386 imitatur,
610 1305 733 1394 Apollo
753 1309 877 1384 Paean,
907 1310 1042 1373 Parthus
1063 1329 1142 1373 vem
1169 1312 1294 1390 sugatis
1313 1307 1383 1374 no·

321 1429 434 1472 manas
456 1407 579 1495 aquilas
601 1413 729 1475 caedens
751 1407 880 1474 eminus
902 1392 1157 1488 ἕκαΐηβδλέϊης
1172 1409 1293 1499 Apollo
1308 1432 1382 1498 pen

320 1509 459 1587 hibetur,
481 1510 514 1574 in
536 1511 632 1575 tertio
651 1513 754 1576 Aurea
774 1510 826 1575 illa
849 1516 953 1576 domus
963 1508 1106 1574 Neronis
1122 1511 1272 1598 carpitur,
1292 1510 1380 1576 unde

320 1612 478 1698 pernicies
490 1617 606 1678 Gallico
623 1620 756 1679 incendiis
773 1612 885 1677 similis
896 1613 929 1677 in
941 1612 1056 1676 urbem
1073 1612 1247 1699 irrepserit.
1275 1611 1381 1678 Simili

321 1717 447 1779 ratione
469 1715 641 1780 acutissimi
664 1716 746 1780 sales
767 1715 974 1790 oboriuntur,
1000 1714 1055 1778 ubi
1077 1715 1177 1778 verbo
1194 1712 1300 1779 ‘semel
1321 1737 1381 1801 po·

320 1817 381 1880 sito
403 1815 523 1902 duplex
550 1840 662 1882 sensus
687 1817 785 1896 inest,
817 1839 914 1880 versu
941 1816 1029 1902 apud
1057 1816 1222 1897 Vellejum
1249 1815 1380 1903 scripto.

320 1919 405 1983 Nam
428 1941 531 2006 quum
552 1919 637 1983 tertii
664 1917 857 1982 triumvirali
878 1929 1030 2004 tempore
1054 1918 1215 1984 Antonius
1241 1917 1381 1982 Lucium

321 2018 497 2086 Caesarem
523 2021 735 2097 avunculum,
777 2019 920 2107 Lepidus
948 2019 1096 2083 Paullum
1135 2020 1270 2083 fratrem
1302 2041 1381 2105 pro·

320 2122 530 2209 scripsissent,
551 2122 635 2187 inter
656 2124 745 2203 jocos
766 2121 909 2185 militum
925 2120 1040 2207 Lepidi
1058 2121 1231 2209 Plancique
1248 2143 1381 2185 currum

320 2236 507 2290 secutorum
530 2235 562 2289 et
582 2226 667 2289 inter
688 2221 944 2288 exsecrationem
962 2221 1083 2286 civium
1098 2221 1152 2287 hic
1163 2245 1273 2288 versus
1290 2245 1382 2287 usur·

318 2339 413 2415 patus
434 2338 496 2392 est:

320 2430 384 2495 No.
407 2436 457 2498 25.
579 2433 628 2493 De
654 2431 826 2504 Germanas,
854 2451 912 2490 mn
932 2431 970 2490 de
992 2429 1091 2490 Gallis
1112 2430 1171 2491 duo
1200 2430 1381 2513 tnumplmt

741 2532 920 2606 curnulssl).

230 2654 235 2693 ·.
319 2635 353 2698 in
374 2656 441 2721 quo
462 2630 699 2719 simplicissime
722 2629 809 2694 dicto
831 2629 922 2693 verbi
938 2633 1095 2694 Germanis
1113 2628 1266 2716 ambiguo
1283 2650 1380 2694 sensu

320 2734 544 2800 acerbissimos
577 2731 730 2797 adversus
766 2729 920 2795 homines
950 2742 1102 2795 cruentos
1134 2730 1200 2795 odii
1233 2729 1381 2794 stimulos

319 2837 419 2901 latere
440 2835 599 2900 videmus.
632 2833 799 2898 Acerrime
815 2855 917 2919 porro
933 2844 1083 2920 pungunt
1094 2829 1242 2897 Caesaris
1258 2832 1380 2896 factum

319 2938 352 3002 hi
375 2935 549 3004 acutissimi
573 2958 701 2999 versus:

320 3042 383 3106 No.
406 3047 457 3110 26.
572 3041 697 3115 Brutus,
720 3043 792 3123 quia
808 3062 893 3115 reges
906 3039 1004 3118 up‘ccit,
1026 3041 1140 3102 Consul
1143 3041 1258 3122 prtinus
1270 3036 1380 3116 factus

742 3155 789 3205 est
808 3143 860 3217 ¹⁰).

572 3245 641 3323 Hic,
661 3247 735 3328 quia
754 3243 1008 3323 consumsisset,
1029 3247 1097 3306 lieu
1106 3255 1257 3325 postremo
1270 3243 1381 3323 fuctus

743 3359 799 3410 est.

320 3448 375 3513 ubi
398 3447 481 3513 sales
502 3447 535 3511 in
557 3469 597 3513 eo
619 3447 782 3524 nituntur,
814 3445 903 3535 quod
925 3445 1042 3522 verba,
1069 3445 1103 3510 in
1124 3456 1265 3534 utroque
1287 3467 1381 3510 versu

319 3561 447 3637 praeter
467 3548 610 3615 hominis
632 3562 664 3614 et
685 3547 844 3637 temporis
866 3546 1017 3613 notitiam
1038 3547 1110 3612 lere
1126 3547 1251 3625 eadem,
1272 3546 1381 3612 simili-

378 3845 404 3915 ⁸)
423 3847 537 3902 Sueten,
555 3850 629 3905 Nero
649 3871 706 3924 cap.
723 3851 765 3906 ³9.
798 3853 831 3906 lu
848 3851 903 3907 hoc
920 3850 1038 3906 carmine
1059 3863 1102 3904 ter
1120 3870 1210 3906 versus
1226 3852 1315 3907 versui
1333 3871 1382 3924 op·

421 3936 545 4007 ponitur,
573 3937 647 3993 uude
669 3938 721 3992 viri
746 3939 819 3995 docti
841 3939 870 3993 in
889 3939 939 3994 tria
957 3939 1142 4012 epigrmnmata
1164 3960 1270 3996 carmen
1293 3940 1382 4014 dispo-

423 4037 543 4079 suerunt.
586 4026 628 4080 Cf.
656 4025 745 4081 Burin.
773 4027 920 4100 Antholog.
945 4024 1020 4083 Vett.
1046 4027 1116 4083 Latt.
1140 4028 1174 4092 ll,
1198 4028 1320 4092 Lxxtx,
1341 4048 1382 4100 aq.

422 4133 481 4167 cum
499 4125 556 4168 not.

380 4199 406 4270 ⁸)
425 4199 523 4271 Vellei.
548 4202 606 4257 Pat.
625 4201 661 4265 lt,
679 4201 723 4258 67.

367 4285 403 4355 ¹⁰)
421 4287 533 4345 Sueten.
553 4284 629 4347 Cres.
647 4312 671 4347 c·
688 4289 731 4346 ³6.
758 4289 847 4344 Burm.
868 4288 977 4346 Anthol.
995 4290 1030 4357 ll,
1047 4289 1117 4346 th.
1132 4307 1161 4367 p
1177 4292 1237 4347 m
