<?xml version="1.0" encoding="UTF-8"?>
<!DOCTYPE html PUBLIC "-//W3C//DTD XHTML 1.0 Transitional//EN"
    "http://www.w3.org/TR/xhtml1/DTD/xhtml1-transitional.dtd">
<html xmlns="http://www.w3.org/1999/xhtml" xml:lang="en" lang="en">
 <head>
  <title>
</title>
<meta http-equiv="Content-Type" content="text/html;charset=utf-8" />
  <meta name='ocr-system' content='tesseract 3.04.00' />
  <meta name='ocr-capabilities' content='ocr_page ocr_carea ocr_par ocr_line ocrx_word'/>
</head>
<body>
  <div class='ocr_page' id='page_1' title='image "./originespoesisr00corsgoog/originespoesisr00corsgoog_0023.png"; bbox 0 0 3400 5042; ppageno 0'>
   <div class='ocr_carea' id='block_1_1' title="bbox 826 517 874 589">
    <p class='ocr_par' dir='ltr' id='par_1_1' title="bbox 826 517 874 589">
     <span class='ocr_line' id='line_1_1' title="bbox 826 517 874 589; baseline 0.021 -1"><span class='ocrx_word' id='word_1_1' title='bbox 826 517 874 589; x_wconf 82' lang='lat' dir='ltr'><strong>la</strong></span> 
     </span>
    </p>
   </div>
   <div class='ocr_carea' id='block_1_2' title="bbox 239 691 1381 2731">
    <p class='ocr_par' dir='ltr' id='par_1_2' title="bbox 319 691 1379 1601">
     <span class='ocr_line' id='line_1_2' title="bbox 324 691 1378 782; baseline 0.002 -26"><span class='ocrx_word' id='word_1_2' title='bbox 324 692 471 756; x_wconf 88' lang='lat' dir='ltr'><strong>universe</strong></span> <span class='ocrx_word' id='word_1_3' title='bbox 493 715 596 780; x_wconf 91' lang='lat' dir='ltr'><strong>quum</strong></span> <span class='ocrx_word' id='word_1_4' title='bbox 624 693 744 756; x_wconf 87' lang='lat' dir='ltr'><strong>sensim</strong></span> <span class='ocrx_word' id='word_1_5' title='bbox 773 691 891 778; x_wconf 81' lang='lat' dir='ltr'><strong>plebeii</strong></span> <span class='ocrx_word' id='word_1_6' title='bbox 920 692 1125 757; x_wconf 88' lang='lat' dir='ltr'><strong>sacerdotum</strong></span> <span class='ocrx_word' id='word_1_7' title='bbox 1152 695 1378 782; x_wconf 88' lang='lat' dir='ltr'><strong>patriciorum-</strong></span> 
     </span>
     <span class='ocr_line' id='line_1_3' title="bbox 322 795 1378 882; baseline 0.004 -24"><span class='ocrx_word' id='word_1_8' title='bbox 322 817 385 882; x_wconf 92' lang='lat' dir='ltr'><strong>que</strong></span> <span class='ocrx_word' id='word_1_9' title='bbox 414 806 549 881; x_wconf 89' lang='lat' dir='ltr'><strong>angusta</strong></span> <span class='ocrx_word' id='word_1_10' title='bbox 590 795 814 859; x_wconf 79' lang='lat' dir='ltr'>dominatione</span> <span class='ocrx_word' id='word_1_11' title='bbox 853 818 888 859; x_wconf 86' lang='lat' dir='ltr'><strong>se</strong></span> <span class='ocrx_word' id='word_1_12' title='bbox 919 795 1107 874; x_wconf 76' lang='lat' dir='ltr'>liberarent,</span> <span class='ocrx_word' id='word_1_13' title='bbox 1139 798 1236 862; x_wconf 90' lang='lat' dir='ltr'><strong>etiam</strong></span> <span class='ocrx_word' id='word_1_14' title='bbox 1267 809 1378 862; x_wconf 87' lang='lat' dir='ltr'><strong>vatum</strong></span> 
     </span>
     <span class='ocr_line' id='line_1_4' title="bbox 321 896 1377 988; baseline 0.003 -27"><span class='ocrx_word' id='word_1_15' title='bbox 321 896 564 984; x_wconf 80' lang='lat' dir='ltr'><strong>superstitiones</strong></span> <span class='ocrx_word' id='word_1_16' title='bbox 592 909 624 962; x_wconf 89' lang='lat' dir='ltr'><strong>et</strong></span> <span class='ocrx_word' id='word_1_17' title='bbox 651 920 761 962; x_wconf 88' lang='lat' dir='ltr'><strong>versus</strong></span> <span class='ocrx_word' id='word_1_18' title='bbox 789 896 927 962; x_wconf 89' lang='lat' dir='ltr'><strong>minoris</strong></span> <span class='ocrx_word' id='word_1_19' title='bbox 961 898 1121 962; x_wconf 86' lang='lat' dir='ltr'><strong>aestimari</strong></span> <span class='ocrx_word' id='word_1_20' title='bbox 1154 901 1260 988; x_wconf 92' lang='lat' dir='ltr'><strong>coepti</strong></span> <span class='ocrx_word' id='word_1_21' title='bbox 1294 913 1377 980; x_wconf 88' lang='lat' dir='ltr'><strong>sunt,</strong></span> 
     </span>
     <span class='ocr_line' id='line_1_5' title="bbox 321 1000 1376 1087; baseline 0.003 -23"><span class='ocrx_word' id='word_1_22' title='bbox 321 1000 426 1064; x_wconf 90' lang='lat' dir='ltr'><strong>donec</strong></span> <span class='ocrx_word' id='word_1_23' title='bbox 453 1000 587 1066; x_wconf 87' lang='lat' dir='ltr'><strong>Graecis</strong></span> <span class='ocrx_word' id='word_1_24' title='bbox 614 1000 711 1064; x_wconf 87' lang='lat' dir='ltr'><strong>literis</strong></span> <span class='ocrx_word' id='word_1_25' title='bbox 738 1001 866 1087; x_wconf 89' lang='lat' dir='ltr'><strong>ingenia</strong></span> <span class='ocrx_word' id='word_1_26' title='bbox 894 1001 1045 1066; x_wconf 88' lang='lat' dir='ltr'><strong>Romana</strong></span> <span class='ocrx_word' id='word_1_27' title='bbox 1079 1000 1311 1068; x_wconf 71' lang='lat' dir='ltr'><strong>illustrantibus</strong></span> <span class='ocrx_word' id='word_1_28' title='bbox 1344 1004 1376 1067; x_wconf 91' lang='lat' dir='ltr'><strong>in</strong></span> 
     </span>
     <span class='ocr_line' id='line_1_6' title="bbox 320 1102 1378 1191; baseline 0.003 -23"><span class='ocrx_word' id='word_1_29' title='bbox 320 1114 541 1186; x_wconf 88' lang='lat' dir='ltr'><strong>contemptum</strong></span> <span class='ocrx_word' id='word_1_30' title='bbox 564 1102 722 1167; x_wconf 89' lang='lat' dir='ltr'><strong>abierunt.</strong></span> <span class='ocrx_word' id='word_1_31' title='bbox 757 1103 886 1168; x_wconf 86' lang='lat' dir='ltr'><strong>Deinde</strong></span> <span class='ocrx_word' id='word_1_32' title='bbox 907 1127 987 1169; x_wconf 88' lang='lat' dir='ltr'><strong>vero</strong></span> <span class='ocrx_word' id='word_1_33' title='bbox 1009 1104 1244 1191; x_wconf 88' lang='lat' dir='ltr'><strong>imperatorum</strong></span> <span class='ocrx_word' id='word_1_34' title='bbox 1265 1118 1378 1185; x_wconf 84' lang='lat' dir='ltr'><strong>aetate,</strong></span> 
     </span>
     <span class='ocr_line' id='line_1_7' title="bbox 320 1204 1379 1296; baseline 0.004 -26"><span class='ocrx_word' id='word_1_35' title='bbox 320 1207 482 1293; x_wconf 89' lang='lat' dir='ltr'><strong>irrepente</strong></span> <span class='ocrx_word' id='word_1_36' title='bbox 504 1218 539 1270; x_wconf 88' lang='lat' dir='ltr'><strong>ut</strong></span> <span class='ocrx_word' id='word_1_37' title='bbox 560 1204 629 1270; x_wconf 89' lang='lat' dir='ltr'><strong>fieri</strong></span> <span class='ocrx_word' id='word_1_38' title='bbox 652 1205 735 1270; x_wconf 86' lang='lat' dir='ltr'><strong>solet</strong></span> <span class='ocrx_word' id='word_1_39' title='bbox 753 1229 827 1271; x_wconf 91' lang='lat' dir='ltr'><strong>cum</strong></span> <span class='ocrx_word' id='word_1_40' title='bbox 844 1206 1017 1293; x_wconf 81' lang='lat' dir='ltr'><strong>tyrannide</strong></span> <span class='ocrx_word' id='word_1_41' title='bbox 1035 1209 1132 1272; x_wconf 90' lang='lat' dir='ltr'><strong>etiam</strong></span> <span class='ocrx_word' id='word_1_42' title='bbox 1149 1209 1379 1296; x_wconf 83' lang='lat' dir='ltr'><strong>superstitione</strong></span> 
     </span>
     <span class='ocr_line' id='line_1_8' title="bbox 319 1308 1377 1396; baseline 0.005 -24"><span class='ocrx_word' id='word_1_43' title='bbox 319 1312 436 1372; x_wconf 87' lang='lat' dir='ltr'><strong>iterum</strong></span> <span class='ocrx_word' id='word_1_44' title='bbox 474 1308 507 1373; x_wconf 93' lang='lat' dir='ltr'><strong>in</strong></span> <span class='ocrx_word' id='word_1_45' title='bbox 544 1308 715 1387; x_wconf 76' lang='lat' dir='ltr'><strong>civitatem,</strong></span> <span class='ocrx_word' id='word_1_46' title='bbox 753 1319 864 1374; x_wconf 87' lang='lat' dir='ltr'><strong>vatum</strong></span> <span class='ocrx_word' id='word_1_47' title='bbox 903 1309 1107 1396; x_wconf 78' lang='lat' dir='ltr'><strong>disciplinam</strong></span> <span class='ocrx_word' id='word_1_48' title='bbox 1143 1313 1177 1375; x_wconf 90' lang='lat' dir='ltr'><strong>in</strong></span> <span class='ocrx_word' id='word_1_49' title='bbox 1213 1309 1377 1377; x_wconf 86' lang='lat' dir='ltr'><strong>honorem</strong></span> 
     </span>
     <span class='ocr_line' id='line_1_9' title="bbox 321 1410 1378 1499; baseline 0.003 -24"><span class='ocrx_word' id='word_1_50' title='bbox 321 1410 487 1499; x_wconf 87' lang='lat' dir='ltr'><strong>quendam</strong></span> <span class='ocrx_word' id='word_1_51' title='bbox 510 1413 689 1476; x_wconf 89' lang='lat' dir='ltr'><strong>restitutam</strong></span> <span class='ocrx_word' id='word_1_52' title='bbox 713 1434 783 1476; x_wconf 86' lang='lat' dir='ltr'><strong>esse</strong></span> <span class='ocrx_word' id='word_1_53' title='bbox 806 1437 823 1476; x_wconf 90' lang='lat' dir='ltr'><strong>e</strong></span> <span class='ocrx_word' id='word_1_54' title='bbox 852 1412 962 1477; x_wconf 89' lang='lat' dir='ltr'><strong>multis</strong></span> <span class='ocrx_word' id='word_1_55' title='bbox 984 1413 1250 1478; x_wconf 84' lang='lat' dir='ltr'><strong>vaticinationum</strong></span> <span class='ocrx_word' id='word_1_56' title='bbox 1271 1436 1378 1479; x_wconf 84' lang='lat' dir='ltr'><strong>exem·</strong></span> 
     </span>
     <span class='ocr_line' id='line_1_10' title="bbox 319 1513 936 1601; baseline 0.008 -25"><span class='ocrx_word' id='word_1_57' title='bbox 319 1513 419 1600; x_wconf 81' lang='lat' dir='ltr'><strong>plica</strong></span> <span class='ocrx_word' id='word_1_58' title='bbox 442 1514 598 1579; x_wconf 85' lang='lat' dir='ltr'><strong>Suetonio</strong></span> <span class='ocrx_word' id='word_1_59' title='bbox 620 1514 743 1578; x_wconf 86' lang='lat' dir='ltr'><strong>traditis</strong></span> <span class='ocrx_word' id='word_1_60' title='bbox 766 1514 936 1601; x_wconf 80' lang='lat' dir='ltr'><strong>colligitur.</strong></span> 
     </span>
    </p>

    <p class='ocr_par' dir='ltr' id='par_1_3' title="bbox 239 1616 1381 2215">
     <span class='ocr_line' id='line_1_11' title="bbox 402 1616 1378 1706; baseline 0.004 -26"><span class='ocrx_word' id='word_1_61' title='bbox 402 1619 454 1680; x_wconf 81' lang='lat' dir='ltr'><strong>lle</strong></span> <span class='ocrx_word' id='word_1_62' title='bbox 480 1618 664 1680; x_wconf 84' lang='lat' dir='ltr'><strong>carminum</strong></span> <span class='ocrx_word' id='word_1_63' title='bbox 690 1616 810 1681; x_wconf 87' lang='lat' dir='ltr'><strong>horum</strong></span> <span class='ocrx_word' id='word_1_64' title='bbox 837 1616 965 1682; x_wconf 89' lang='lat' dir='ltr'><strong>dicendi</strong></span> <span class='ocrx_word' id='word_1_65' title='bbox 991 1636 1110 1704; x_wconf 82' lang='lat' dir='ltr'><strong>genere</strong></span> <span class='ocrx_word' id='word_1_66' title='bbox 1137 1629 1172 1683; x_wconf 86' lang='lat' dir='ltr'><strong>ut</strong></span> <span class='ocrx_word' id='word_1_67' title='bbox 1202 1619 1243 1684; x_wconf 88' lang='lat' dir='ltr'><strong>ab</strong></span> <span class='ocrx_word' id='word_1_68' title='bbox 1271 1619 1378 1706; x_wconf 92' lang='lat' dir='ltr'><strong>aliqua</strong></span> 
     </span>
     <span class='ocr_line' id='line_1_12' title="bbox 239 1719 1378 1811; baseline 0.004 -28"><span class='ocrx_word' id='word_1_69' title='bbox 239 1774 243 1789; x_wconf 73' lang='grc'><strong><em>,</em></strong></span> <span class='ocrx_word' id='word_1_70' title='bbox 320 1731 410 1806; x_wconf 92' lang='lat' dir='ltr'><strong>parte</strong></span> <span class='ocrx_word' id='word_1_71' title='bbox 437 1719 609 1800; x_wconf 79' lang='lat' dir='ltr'><strong>judicetur,</strong></span> <span class='ocrx_word' id='word_1_72' title='bbox 636 1719 819 1783; x_wconf 86' lang='lat' dir='ltr'><strong>adscribam</strong></span> <span class='ocrx_word' id='word_1_73' title='bbox 848 1720 1113 1785; x_wconf 86' lang='lat' dir='ltr'><strong>vaticinationum</strong></span> <span class='ocrx_word' id='word_1_74' title='bbox 1144 1735 1332 1811; x_wconf 86' lang='lat' dir='ltr'><strong>argumenta</strong></span> <span class='ocrx_word' id='word_1_75' title='bbox 1360 1746 1378 1786; x_wconf 84' lang='lat' dir='ltr'><strong>a</strong></span> 
     </span>
     <span class='ocr_line' id='line_1_13' title="bbox 321 1822 1378 1910; baseline 0.005 -26"><span class='ocrx_word' id='word_1_76' title='bbox 321 1822 413 1885; x_wconf 87' lang='lat' dir='ltr'><strong>Livio</strong></span> <span class='ocrx_word' id='word_1_77' title='bbox 440 1833 472 1885; x_wconf 89' lang='lat' dir='ltr'><strong>et</strong></span> <span class='ocrx_word' id='word_1_78' title='bbox 501 1822 671 1886; x_wconf 87' lang='lat' dir='ltr'><strong>Macrobio</strong></span> <span class='ocrx_word' id='word_1_79' title='bbox 699 1833 833 1899; x_wconf 88' lang='lat' dir='ltr'><strong>servata,</strong></span> <span class='ocrx_word' id='word_1_80' title='bbox 860 1845 942 1910; x_wconf 86' lang='lat' dir='ltr'><strong>quae</strong></span> <span class='ocrx_word' id='word_1_81' title='bbox 964 1824 1046 1888; x_wconf 90' lang='lat' dir='ltr'><strong>mire</strong></span> <span class='ocrx_word' id='word_1_82' title='bbox 1067 1823 1127 1888; x_wconf 87' lang='lat' dir='ltr'><strong>viri</strong></span> <span class='ocrx_word' id='word_1_83' title='bbox 1149 1824 1236 1889; x_wconf 91' lang='lat' dir='ltr'><strong>docti</strong></span> <span class='ocrx_word' id='word_1_84' title='bbox 1258 1848 1298 1889; x_wconf 88' lang='lat' dir='ltr'><strong>ex</strong></span> <span class='ocrx_word' id='word_1_85' title='bbox 1319 1847 1378 1888; x_wconf 86' lang='lat' dir='ltr'><strong>suo</strong></span> 
     </span>
     <span class='ocr_line' id='line_1_14' title="bbox 320 1923 1379 2013; baseline 0.004 -26"><span class='ocrx_word' id='word_1_86' title='bbox 320 1925 451 2010; x_wconf 88' lang='lat' dir='ltr'><strong>ingenio</strong></span> <span class='ocrx_word' id='word_1_87' title='bbox 484 1923 683 2013; x_wconf 89' lang='lat' dir='ltr'><strong>arbitrioque</strong></span> <span class='ocrx_word' id='word_1_88' title='bbox 718 1927 887 1988; x_wconf 87' lang='lat' dir='ltr'><strong>restituere</strong></span> <span class='ocrx_word' id='word_1_89' title='bbox 918 1927 951 1990; x_wconf 93' lang='lat' dir='ltr'><strong>in</strong></span> <span class='ocrx_word' id='word_1_90' title='bbox 983 1925 1173 1990; x_wconf 84' lang='lat' dir='ltr'><strong>Saturnium</strong></span> <span class='ocrx_word' id='word_1_91' title='bbox 1203 1950 1379 1991; x_wconf 88' lang='lat' dir='ltr'><strong>numerum</strong></span> 
     </span>
     <span class='ocr_line' id='line_1_15' title="bbox 320 2027 1381 2114; baseline 0.003 -23"><span class='ocrx_word' id='word_1_92' title='bbox 320 2029 488 2114; x_wconf 90' lang='lat' dir='ltr'><strong>antiquum</strong></span> <span class='ocrx_word' id='word_1_93' title='bbox 514 2028 620 2091; x_wconf 89' lang='lat' dir='ltr'><strong>conati</strong></span> <span class='ocrx_word' id='word_1_94' title='bbox 647 2039 730 2091; x_wconf 91' lang='lat' dir='ltr'><strong>sunt.</strong></span> <span class='ocrx_word' id='word_1_95' title='bbox 780 2028 975 2092; x_wconf 89' lang='lat' dir='ltr'><strong>Vaticinatio</strong></span> <span class='ocrx_word' id='word_1_96' title='bbox 1003 2027 1190 2109; x_wconf 86' lang='lat' dir='ltr'><strong>hujusmodi</strong></span> <span class='ocrx_word' id='word_1_97' title='bbox 1219 2029 1252 2094; x_wconf 91' lang='lat' dir='ltr'><strong>in</strong></span> <span class='ocrx_word' id='word_1_98' title='bbox 1281 2031 1381 2111; x_wconf 88' lang='lat' dir='ltr'><strong>Vejo-</strong></span> 
     </span>
     <span class='ocr_line' id='line_1_16' title="bbox 320 2129 989 2215; baseline -0.001 -21"><span class='ocrx_word' id='word_1_99' title='bbox 320 2154 394 2195; x_wconf 90' lang='lat' dir='ltr'><strong>rum</strong></span> <span class='ocrx_word' id='word_1_100' title='bbox 416 2130 585 2194; x_wconf 90' lang='lat' dir='ltr'><strong>obsidione</strong></span> <span class='ocrx_word' id='word_1_101' title='bbox 608 2129 691 2193; x_wconf 89' lang='lat' dir='ltr'><strong>edita</strong></span> <span class='ocrx_word' id='word_1_102' title='bbox 714 2153 782 2194; x_wconf 89' lang='lat' dir='ltr'><strong>esse</strong></span> <span class='ocrx_word' id='word_1_103' title='bbox 804 2130 908 2194; x_wconf 84' lang='lat' dir='ltr'><strong>lertur</strong></span> <span class='ocrx_word' id='word_1_104' title='bbox 931 2133 989 2215; x_wconf 83' lang='lat'><strong>¹⁷):</strong></span> 
     </span>
    </p>

    <p class='ocr_par' dir='ltr' id='par_1_4' title="bbox 320 2231 1381 2731">
     <span class='ocr_line' id='line_1_17' title="bbox 403 2231 1380 2320; baseline 0 -24"><span class='ocrx_word' id='word_1_105' title='bbox 403 2231 466 2296; x_wconf 88' lang='lat' dir='ltr'><strong>No.</strong></span> <span class='ocrx_word' id='word_1_106' title='bbox 492 2240 517 2296; x_wconf 92' lang='grc'><strong>1.</strong></span> <span class='ocrx_word' id='word_1_107' title='bbox 560 2233 728 2297; x_wconf 77' lang='lat' dir='ltr'><strong>„Romane</strong></span> <span class='ocrx_word' id='word_1_108' title='bbox 751 2255 872 2320; x_wconf 90' lang='lat' dir='ltr'><strong>aquam</strong></span> <span class='ocrx_word' id='word_1_109' title='bbox 894 2233 1056 2297; x_wconf 81' lang='lat' dir='ltr'><strong>Albanam</strong></span> <span class='ocrx_word' id='word_1_110' title='bbox 1086 2257 1163 2299; x_wconf 86' lang='lat' dir='ltr'><strong>cave</strong></span> <span class='ocrx_word' id='word_1_111' title='bbox 1185 2234 1257 2298; x_wconf 88' lang='lat' dir='ltr'><strong>lacu</strong></span> <span class='ocrx_word' id='word_1_112' title='bbox 1278 2233 1380 2297; x_wconf 92' lang='lat' dir='ltr'><strong>conti·</strong></span> 
     </span>
     <span class='ocr_line' id='line_1_18' title="bbox 321 2335 1379 2414; baseline 0 -14"><span class='ocrx_word' id='word_1_113' title='bbox 321 2337 399 2414; x_wconf 87' lang='lat' dir='ltr'><strong>neri,</strong></span> <span class='ocrx_word' id='word_1_114' title='bbox 421 2359 497 2400; x_wconf 87' lang='lat' dir='ltr'><strong>cave</strong></span> <span class='ocrx_word' id='word_1_115' title='bbox 520 2335 553 2397; x_wconf 92' lang='lat' dir='ltr'><strong>in</strong></span> <span class='ocrx_word' id='word_1_116' title='bbox 574 2357 664 2398; x_wconf 76' lang='lat' dir='ltr'><strong>usare</strong></span> <span class='ocrx_word' id='word_1_117' title='bbox 685 2358 818 2399; x_wconf 90' lang='lat' dir='ltr'><strong>manare</strong></span> <span class='ocrx_word' id='word_1_118' title='bbox 849 2359 909 2399; x_wconf 87' lang='lat' dir='ltr'><strong>suo</strong></span> <span class='ocrx_word' id='word_1_119' title='bbox 938 2335 1073 2399; x_wconf 87' lang='lat' dir='ltr'><strong>flumine</strong></span> <span class='ocrx_word' id='word_1_120' title='bbox 1101 2337 1198 2400; x_wconf 88' lang='lat' dir='ltr'><strong>sinas:</strong></span> <span class='ocrx_word' id='word_1_121' title='bbox 1227 2337 1379 2400; x_wconf 88' lang='lat' dir='ltr'><strong>emissam</strong></span> 
     </span>
     <span class='ocr_line' id='line_1_19' title="bbox 320 2437 1379 2528; baseline -0.001 -26"><span class='ocrx_word' id='word_1_122' title='bbox 320 2463 379 2528; x_wconf 88' lang='lat' dir='ltr'><strong>per</strong></span> <span class='ocrx_word' id='word_1_123' title='bbox 400 2458 494 2525; x_wconf 87' lang='lat' dir='ltr'><strong>agros</strong></span> <span class='ocrx_word' id='word_1_124' title='bbox 515 2438 642 2523; x_wconf 79' lang='lat' dir='ltr'><strong>rigabis,</strong></span> <span class='ocrx_word' id='word_1_125' title='bbox 674 2437 927 2524; x_wconf 85' lang='lat' dir='ltr'><strong>dissipatamque</strong></span> <span class='ocrx_word' id='word_1_126' title='bbox 955 2439 1030 2502; x_wconf 85' lang='lat' dir='ltr'><strong>rivis</strong></span> <span class='ocrx_word' id='word_1_127' title='bbox 1058 2439 1248 2524; x_wconf 79' lang='lat' dir='ltr'><strong>exstingues.</strong></span> <span class='ocrx_word' id='word_1_128' title='bbox 1291 2440 1379 2502; x_wconf 73' lang='lat' dir='ltr'><strong>&#39;l&#39;um</strong></span> 
     </span>
     <span class='ocr_line' id='line_1_20' title="bbox 320 2538 1381 2629; baseline -0.002 -24"><span class='ocrx_word' id='word_1_129' title='bbox 320 2555 355 2605; x_wconf 93' lang='lat' dir='ltr'><strong>tu</strong></span> <span class='ocrx_word' id='word_1_130' title='bbox 383 2541 492 2605; x_wconf 89' lang='lat' dir='ltr'><strong>insiste</strong></span> <span class='ocrx_word' id='word_1_131' title='bbox 519 2539 622 2604; x_wconf 90' lang='lat' dir='ltr'><strong>audax</strong></span> <span class='ocrx_word' id='word_1_132' title='bbox 648 2538 792 2604; x_wconf 88' lang='lat' dir='ltr'><strong>hostium</strong></span> <span class='ocrx_word' id='word_1_133' title='bbox 819 2541 921 2605; x_wconf 89' lang='lat' dir='ltr'><strong>muris</strong></span> <span class='ocrx_word' id='word_1_134' title='bbox 948 2562 1086 2619; x_wconf 88' lang='lat' dir='ltr'><strong>memor,</strong></span> <span class='ocrx_word' id='word_1_135' title='bbox 1118 2563 1217 2629; x_wconf 90' lang='lat' dir='ltr'><strong>quam</strong></span> <span class='ocrx_word' id='word_1_136' title='bbox 1246 2563 1307 2628; x_wconf 90' lang='lat' dir='ltr'><strong>per</strong></span> <span class='ocrx_word' id='word_1_137' title='bbox 1331 2551 1381 2604; x_wconf 89' lang='lat' dir='ltr'><strong>tot</strong></span> 
     </span>
     <span class='ocr_line' id='line_1_21' title="bbox 322 2641 1381 2731; baseline -0.001 -24"><span class='ocrx_word' id='word_1_138' title='bbox 322 2666 425 2708; x_wconf 88' lang='lat' dir='ltr'><strong>annos</strong></span> <span class='ocrx_word' id='word_1_139' title='bbox 448 2641 577 2707; x_wconf 87' lang='lat' dir='ltr'><strong>obsides</strong></span> <span class='ocrx_word' id='word_1_140' title='bbox 600 2642 725 2720; x_wconf 90' lang='lat' dir='ltr'><strong>urbem,</strong></span> <span class='ocrx_word' id='word_1_141' title='bbox 749 2666 845 2706; x_wconf 89' lang='lat' dir='ltr'><strong>exea</strong></span> <span class='ocrx_word' id='word_1_142' title='bbox 868 2642 925 2706; x_wconf 83' lang='lat' dir='ltr'><strong>tibi</strong></span> <span class='ocrx_word' id='word_1_143' title='bbox 948 2641 1007 2722; x_wconf 88' lang='lat' dir='ltr'><strong>hia,</strong></span> <span class='ocrx_word' id='word_1_144' title='bbox 1029 2666 1112 2731; x_wconf 90' lang='lat' dir='ltr'><strong>quae</strong></span> <span class='ocrx_word' id='word_1_145' title='bbox 1130 2666 1219 2709; x_wconf 90' lang='lat' dir='ltr'><strong>nunc</strong></span> <span class='ocrx_word' id='word_1_146' title='bbox 1234 2641 1381 2731; x_wconf 91' lang='lat' dir='ltr'><strong>pandun-</strong></span> 
     </span>
    </p>
   </div>
   <div class='ocr_carea' id='block_1_3' title="bbox 321 2745 1482 2833">
    <p class='ocr_par' dir='ltr' id='par_1_5' title="bbox 321 2745 1482 2833">
     <span class='ocr_line' id='line_1_22' title="bbox 321 2745 1482 2833; baseline -0.001 -23"><span class='ocrx_word' id='word_1_147' title='bbox 321 2760 381 2825; x_wconf 87' lang='lat' dir='ltr'><strong>tur,</strong></span> <span class='ocrx_word' id='word_1_148' title='bbox 402 2745 474 2809; x_wconf 88' lang='lat' dir='ltr'><strong>latis</strong></span> <span class='ocrx_word' id='word_1_149' title='bbox 496 2745 663 2809; x_wconf 89' lang='lat' dir='ltr'><strong>victoriam</strong></span> <span class='ocrx_word' id='word_1_150' title='bbox 691 2745 810 2809; x_wconf 88' lang='lat' dir='ltr'><strong>datam.</strong></span> <span class='ocrx_word' id='word_1_151' title='bbox 854 2745 948 2808; x_wconf 88' lang='lat' dir='ltr'><strong>Bello</strong></span> <span class='ocrx_word' id='word_1_152' title='bbox 975 2748 1131 2833; x_wconf 85' lang='lat' dir='ltr'><strong>perlecto,</strong></span> <span class='ocrx_word' id='word_1_153' title='bbox 1159 2747 1285 2811; x_wconf 88' lang='lat' dir='ltr'><strong>donum</strong></span> <span class='ocrx_word' id='word_1_154' title='bbox 1312 2768 1380 2810; x_wconf 90' lang='lat' dir='ltr'><strong>am·</strong></span> <span class='ocrx_word' id='word_1_155' title='bbox 1479 2760 1482 2765; x_wconf 86' lang='lat'>&#39;</span> 
     </span>
    </p>
   </div>
   <div class='ocr_carea' id='block_1_4' title="bbox 320 2847 1382 4063">
    <p class='ocr_par' dir='ltr' id='par_1_6' title="bbox 320 2847 1381 3039">
     <span class='ocr_line' id='line_1_23' title="bbox 320 2847 1381 2937; baseline -0.001 -25"><span class='ocrx_word' id='word_1_156' title='bbox 320 2851 412 2937; x_wconf 92' lang='lat' dir='ltr'><strong>plum</strong></span> <span class='ocrx_word' id='word_1_157' title='bbox 445 2849 547 2912; x_wconf 90' lang='lat' dir='ltr'><strong>victor</strong></span> <span class='ocrx_word' id='word_1_158' title='bbox 577 2847 618 2912; x_wconf 91' lang='lat' dir='ltr'><strong>ad</strong></span> <span class='ocrx_word' id='word_1_159' title='bbox 646 2871 719 2912; x_wconf 90' lang='lat' dir='ltr'><strong>mea</strong></span> <span class='ocrx_word' id='word_1_160' title='bbox 755 2847 876 2933; x_wconf 84' lang='lat' dir='ltr'><strong>teurpla</strong></span> <span class='ocrx_word' id='word_1_161' title='bbox 907 2861 1051 2933; x_wconf 88' lang='lat' dir='ltr'><strong>portato:</strong></span> <span class='ocrx_word' id='word_1_162' title='bbox 1082 2873 1238 2937; x_wconf 86' lang='lat' dir='ltr'><strong>sacraque</strong></span> <span class='ocrx_word' id='word_1_163' title='bbox 1269 2849 1381 2936; x_wconf 61' lang='lat' dir='ltr'><strong>patria,</strong></span> 
     </span>
     <span class='ocr_line' id='line_1_24' title="bbox 322 2949 1339 3039; baseline 0.001 -24"><span class='ocrx_word' id='word_1_164' title='bbox 322 2975 462 3039; x_wconf 87' lang='lat' dir='ltr'><strong>quocum</strong></span> <span class='ocrx_word' id='word_1_165' title='bbox 485 2951 603 3014; x_wconf 87' lang='lat' dir='ltr'><strong>omissa</strong></span> <span class='ocrx_word' id='word_1_166' title='bbox 626 2974 700 3014; x_wconf 90' lang='lat' dir='ltr'><strong>cura</strong></span> <span class='ocrx_word' id='word_1_167' title='bbox 723 2961 780 3027; x_wconf 87' lang='lat' dir='ltr'><strong>est,</strong></span> <span class='ocrx_word' id='word_1_168' title='bbox 802 2949 985 3028; x_wconf 88' lang='lat' dir='ltr'><strong>instaurata,</strong></span> <span class='ocrx_word' id='word_1_169' title='bbox 1007 2964 1043 3014; x_wconf 92' lang='lat' dir='ltr'><strong>ut</strong></span> <span class='ocrx_word' id='word_1_170' title='bbox 1064 2952 1190 3030; x_wconf 86' lang='lat' dir='ltr'><strong>assolet,</strong></span> <span class='ocrx_word' id='word_1_171' title='bbox 1211 2952 1339 3016; x_wconf 78' lang='lat' dir='ltr'><strong>facito«</strong></span> 
     </span>
    </p>

    <p class='ocr_par' dir='ltr' id='par_1_7' title="bbox 320 3053 1381 3442">
     <span class='ocr_line' id='line_1_25' title="bbox 407 3053 1381 3141; baseline 0.002 -24"><span class='ocrx_word' id='word_1_172' title='bbox 407 3057 492 3119; x_wconf 90' lang='lat' dir='ltr'><strong>llaec</strong></span> <span class='ocrx_word' id='word_1_173' title='bbox 519 3054 617 3117; x_wconf 90' lang='lat' dir='ltr'><strong>verba</strong></span> <span class='ocrx_word' id='word_1_174' title='bbox 646 3077 663 3116; x_wconf 93' lang='lat' dir='ltr'><strong>a</strong></span> <span class='ocrx_word' id='word_1_175' title='bbox 692 3053 784 3116; x_wconf 88' lang='lat' dir='ltr'><strong>Livio</strong></span> <span class='ocrx_word' id='word_1_176' title='bbox 813 3054 855 3116; x_wconf 88' lang='lat' dir='ltr'><strong>ab</strong></span> <span class='ocrx_word' id='word_1_177' title='bbox 883 3054 1047 3118; x_wconf 88' lang='lat' dir='ltr'><strong>annalium</strong></span> <span class='ocrx_word' id='word_1_178' title='bbox 1077 3057 1289 3141; x_wconf 89' lang='lat' dir='ltr'><strong>scriptoribus</strong></span> <span class='ocrx_word' id='word_1_179' title='bbox 1315 3078 1381 3119; x_wconf 87' lang='lat' dir='ltr'><strong>sus-</strong></span> 
     </span>
     <span class='ocr_line' id='line_1_26' title="bbox 320 3155 1380 3244; baseline -0.001 -23"><span class='ocrx_word' id='word_1_180' title='bbox 320 3169 411 3244; x_wconf 90' lang='lat' dir='ltr'><strong>cepta</strong></span> <span class='ocrx_word' id='word_1_181' title='bbox 433 3180 500 3220; x_wconf 92' lang='lat' dir='ltr'><strong>non</strong></span> <span class='ocrx_word' id='word_1_182' title='bbox 522 3155 706 3241; x_wconf 87' lang='lat' dir='ltr'><strong>desperavit</strong></span> <span class='ocrx_word' id='word_1_183' title='bbox 727 3157 935 3219; x_wconf 86' lang='lat' dir='ltr'><strong>Hermannus</strong></span> <span class='ocrx_word' id='word_1_184' title='bbox 957 3179 991 3219; x_wconf 90' lang='lat' dir='ltr'><strong>se</strong></span> <span class='ocrx_word' id='word_1_185' title='bbox 1012 3158 1046 3220; x_wconf 90' lang='lat' dir='ltr'><strong>in</strong></span> <span class='ocrx_word' id='word_1_186' title='bbox 1074 3157 1166 3221; x_wconf 89' lang='lat' dir='ltr'><strong>illum</strong></span> <span class='ocrx_word' id='word_1_187' title='bbox 1193 3179 1380 3222; x_wconf 89' lang='lat' dir='ltr'><strong>sermonem</strong></span> 
     </span>
     <span class='ocr_line' id='line_1_27' title="bbox 320 3258 1380 3347; baseline -0.001 -24"><span class='ocrx_word' id='word_1_188' title='bbox 320 3272 443 3325; x_wconf 87' lang='lat' dir='ltr'><strong>vertere</strong></span> <span class='ocrx_word' id='word_1_189' title='bbox 465 3281 561 3346; x_wconf 90' lang='lat' dir='ltr'><strong>posse</strong></span> <span class='ocrx_word' id='word_1_190' title='bbox 583 3280 649 3346; x_wconf 90' lang='lat' dir='ltr'><strong>quo</strong></span> <span class='ocrx_word' id='word_1_191' title='bbox 677 3269 751 3322; x_wconf 85' lang='lat' dir='ltr'><strong>ante</strong></span> <span class='ocrx_word' id='word_1_192' title='bbox 777 3259 905 3322; x_wconf 85' lang='lat' dir='ltr'><strong>cladem</strong></span> <span class='ocrx_word' id='word_1_193' title='bbox 931 3258 1094 3324; x_wconf 86' lang='lat' dir='ltr'><strong>Gallicam</strong></span> <span class='ocrx_word' id='word_1_194' title='bbox 1121 3260 1216 3347; x_wconf 90' lang='lat' dir='ltr'><strong>prisci</strong></span> <span class='ocrx_word' id='word_1_195' title='bbox 1239 3261 1380 3326; x_wconf 81' lang='lat' dir='ltr'><strong>Romani</strong></span> 
     </span>
     <span class='ocr_line' id='line_1_28' title="bbox 321 3363 526 3442; baseline -0.005 -16"><span class='ocrx_word' id='word_1_196' title='bbox 321 3364 367 3427; x_wconf 92' lang='lat' dir='ltr'><strong>usi</strong></span> <span class='ocrx_word' id='word_1_197' title='bbox 390 3363 453 3426; x_wconf 83' lang='lat' dir='ltr'><strong>sint</strong></span> <span class='ocrx_word' id='word_1_198' title='bbox 477 3366 526 3442; x_wconf 82' lang='lat'>¹⁸).</span> 
     </span>
    </p>

    <p class='ocr_par' dir='ltr' id='par_1_8' title="bbox 320 3462 1382 3655">
     <span class='ocr_line' id='line_1_29' title="bbox 402 3462 1382 3531; baseline -0.001 -1"><span class='ocrx_word' id='word_1_199' title='bbox 402 3463 516 3530; x_wconf 86' lang='lat' dir='ltr'><strong>Marcii</strong></span> <span class='ocrx_word' id='word_1_200' title='bbox 538 3462 617 3526; x_wconf 87' lang='lat' dir='ltr'><strong>vatis</strong></span> <span class='ocrx_word' id='word_1_201' title='bbox 637 3463 781 3527; x_wconf 86' lang='lat' dir='ltr'><strong>carmine</strong></span> <span class='ocrx_word' id='word_1_202' title='bbox 799 3462 906 3528; x_wconf 88' lang='lat' dir='ltr'><strong>clades</strong></span> <span class='ocrx_word' id='word_1_203' title='bbox 923 3462 1105 3529; x_wconf 84' lang='lat' dir='ltr'><strong>Cannensis</strong></span> <span class='ocrx_word' id='word_1_204' title='bbox 1121 3464 1156 3531; x_wconf 91' lang='lat' dir='ltr'><strong>in</strong></span> <span class='ocrx_word' id='word_1_205' title='bbox 1177 3465 1259 3531; x_wconf 86' lang='lat' dir='ltr'><strong>lraee</strong></span> <span class='ocrx_word' id='word_1_206' title='bbox 1278 3465 1382 3531; x_wconf 86' lang='lat' dir='ltr'><strong>ferme</strong></span> 
     </span>
     <span class='ocr_line' id='line_1_30' title="bbox 320 3565 690 3655; baseline -0.011 -23"><span class='ocrx_word' id='word_1_207' title='bbox 320 3569 418 3634; x_wconf 87' lang='lat' dir='ltr'><strong>verba</strong></span> <span class='ocrx_word' id='word_1_208' title='bbox 439 3565 603 3655; x_wconf 87' lang='lat' dir='ltr'><strong>praedicta</strong></span> <span class='ocrx_word' id='word_1_209' title='bbox 626 3577 690 3629; x_wconf 88' lang='lat' dir='ltr'><strong>est:</strong></span> 
     </span>
    </p>

    <p class='ocr_par' dir='ltr' id='par_1_9' title="bbox 321 3667 1382 4063">
     <span class='ocr_line' id='line_1_31' title="bbox 403 3667 1380 3759; baseline 0 -24"><span class='ocrx_word' id='word_1_210' title='bbox 403 3671 466 3735; x_wconf 91' lang='lat' dir='ltr'><strong>No.</strong></span> <span class='ocrx_word' id='word_1_211' title='bbox 488 3676 517 3733; x_wconf 78' lang='lat'><strong>2.</strong></span> <span class='ocrx_word' id='word_1_212' title='bbox 551 3669 714 3731; x_wconf 72' lang='lat' dir='ltr'><strong>»Amnem</strong></span> <span class='ocrx_word' id='word_1_213' title='bbox 737 3669 922 3754; x_wconf 81' lang='lat' dir='ltr'><strong>Trojugena</strong></span> <span class='ocrx_word' id='word_1_214' title='bbox 945 3667 1096 3734; x_wconf 86' lang='lat' dir='ltr'><strong>Cannam</strong></span> <span class='ocrx_word' id='word_1_215' title='bbox 1119 3671 1269 3736; x_wconf 86' lang='lat' dir='ltr'><strong>Romane</strong></span> <span class='ocrx_word' id='word_1_216' title='bbox 1291 3671 1380 3759; x_wconf 87' lang='lat' dir='ltr'><strong>luge:</strong></span> 
     </span>
     <span class='ocr_line' id='line_1_32' title="bbox 322 3769 1381 3858; baseline 0.002 -22"><span class='ocrx_word' id='word_1_217' title='bbox 322 3795 363 3838; x_wconf 90' lang='lat' dir='ltr'><strong>ne</strong></span> <span class='ocrx_word' id='word_1_218' title='bbox 385 3783 416 3836; x_wconf 91' lang='lat' dir='ltr'><strong>te</strong></span> <span class='ocrx_word' id='word_1_219' title='bbox 438 3770 635 3857; x_wconf 88' lang='lat' dir='ltr'><strong>alienigenae</strong></span> <span class='ocrx_word' id='word_1_220' title='bbox 656 3782 773 3856; x_wconf 87' lang='lat' dir='ltr'><strong>cogant</strong></span> <span class='ocrx_word' id='word_1_221' title='bbox 798 3771 832 3835; x_wconf 94' lang='lat' dir='ltr'><strong>in</strong></span> <span class='ocrx_word' id='word_1_222' title='bbox 855 3769 986 3858; x_wconf 85' lang='lat' dir='ltr'><strong>Campo</strong></span> <span class='ocrx_word' id='word_1_223' title='bbox 1009 3773 1181 3838; x_wconf 87' lang='lat' dir='ltr'><strong>Diomedis</strong></span> <span class='ocrx_word' id='word_1_224' title='bbox 1210 3795 1381 3839; x_wconf 88' lang='lat' dir='ltr'><strong>conserere</strong></span> 
     </span>
     <span class='ocr_line' id='line_1_33' title="bbox 321 3872 1381 3963; baseline 0.004 -26"><span class='ocrx_word' id='word_1_225' title='bbox 321 3895 445 3938; x_wconf 86' lang='lat' dir='ltr'><strong>manus.</strong></span> <span class='ocrx_word' id='word_1_226' title='bbox 505 3872 571 3938; x_wconf 87' lang='lat' dir='ltr'><strong>Sed</strong></span> <span class='ocrx_word' id='word_1_227' title='bbox 603 3895 709 3961; x_wconf 89' lang='lat' dir='ltr'><strong>neque</strong></span> <span class='ocrx_word' id='word_1_228' title='bbox 742 3873 853 3938; x_wconf 89' lang='lat' dir='ltr'><strong>credes</strong></span> <span class='ocrx_word' id='word_1_229' title='bbox 884 3886 920 3937; x_wconf 90' lang='lat' dir='ltr'><strong>tu</strong></span> <span class='ocrx_word' id='word_1_230' title='bbox 951 3872 1044 3952; x_wconf 89' lang='lat' dir='ltr'><strong>mihi,</strong></span> <span class='ocrx_word' id='word_1_231' title='bbox 1077 3874 1184 3940; x_wconf 92' lang='lat' dir='ltr'><strong>donec</strong></span> <span class='ocrx_word' id='word_1_232' title='bbox 1205 3876 1381 3963; x_wconf 88' lang='lat' dir='ltr'><strong>compleris</strong></span> 
     </span>
     <span class='ocr_line' id='line_1_34' title="bbox 321 3975 1382 4063; baseline 0.002 -23"><span class='ocrx_word' id='word_1_233' title='bbox 321 3975 473 4062; x_wconf 86' lang='lat' dir='ltr'><strong>sanguine</strong></span> <span class='ocrx_word' id='word_1_234' title='bbox 501 3997 667 4062; x_wconf 87' lang='lat' dir='ltr'><strong>campum;</strong></span> <span class='ocrx_word' id='word_1_235' title='bbox 701 3975 869 4063; x_wconf 88' lang='lat' dir='ltr'><strong>multaque</strong></span> <span class='ocrx_word' id='word_1_236' title='bbox 896 3975 997 4040; x_wconf 90' lang='lat' dir='ltr'><strong>millia</strong></span> <span class='ocrx_word' id='word_1_237' title='bbox 1034 3977 1138 4042; x_wconf 88' lang='lat' dir='ltr'><strong>occisa</strong></span> <span class='ocrx_word' id='word_1_238' title='bbox 1171 3988 1225 4041; x_wconf 80' lang='lat' dir='ltr'><strong>tua</strong></span> <span class='ocrx_word' id='word_1_239' title='bbox 1257 3977 1382 4043; x_wconf 85' lang='lat' dir='ltr'><strong>deferat</strong></span> 
     </span>
    </p>
   </div>
   <div class='ocr_carea' id='block_1_5' title="bbox 363 4219 950 4384">
    <p class='ocr_par' dir='ltr' id='par_1_10' title="bbox 363 4219 950 4384">
     <span class='ocr_line' id='line_1_35' title="bbox 364 4219 632 4293; baseline 0.03 -21"><span class='ocrx_word' id='word_1_240' title='bbox 364 4219 401 4293; x_wconf 76' lang='grc' dir='ltr'><strong>Π)</strong></span> <span class='ocrx_word' id='word_1_241' title='bbox 420 4220 519 4276; x_wconf 85' lang='lat' dir='ltr'><strong>Livius.</strong></span> <span class='ocrx_word' id='word_1_242' title='bbox 539 4219 573 4286; x_wconf 85' lang='lat' dir='ltr'><strong>V,</strong></span> <span class='ocrx_word' id='word_1_243' title='bbox 593 4222 632 4277; x_wconf 78' lang='lat'><strong>17.</strong></span> 
     </span>
     <span class='ocr_line' id='line_1_36' title="bbox 363 4306 950 4384; baseline 0.012 -24"><span class='ocrx_word' id='word_1_244' title='bbox 363 4306 401 4380; x_wconf 77' lang='lat'><strong>¹⁸)</strong></span> <span class='ocrx_word' id='word_1_245' title='bbox 419 4309 512 4366; x_wconf 87' lang='lat' dir='ltr'><strong>Herm.</strong></span> <span class='ocrx_word' id='word_1_246' title='bbox 529 4308 616 4365; x_wconf 86' lang='lat' dir='ltr'><strong>Elam.</strong></span> <span class='ocrx_word' id='word_1_247' title='bbox 633 4309 728 4366; x_wconf 87' lang='lat' dir='ltr'><strong>Doctr.</strong></span> <span class='ocrx_word' id='word_1_248' title='bbox 747 4310 829 4366; x_wconf 80' lang='lat' dir='ltr'><strong>Matr.</strong></span> <span class='ocrx_word' id='word_1_249' title='bbox 846 4331 874 4384; x_wconf 82' lang='lat' dir='ltr'><strong>p·</strong></span> <span class='ocrx_word' id='word_1_250' title='bbox 890 4312 950 4367; x_wconf 79' lang='lat'><strong>617.</strong></span> 
     </span>
    </p>
   </div>
   <div class='ocr_carea' id='block_1_6' title="bbox 0 0 1704 5042">
    <p class='ocr_par' dir='ltr' id='par_1_11' title="bbox 0 0 1704 5042">
     <span class='ocr_line' id='line_1_37' title="bbox 0 0 1704 5042; baseline 0 0"><span class='ocrx_word' id='word_1_251' title='bbox 0 0 1704 5042; x_wconf 95' lang='lat' dir='ltr'><strong> </strong></span> 
     </span>
    </p>
   </div>
  </div>
 </body>
</html>
