3400 5042
748 545 900 624 ‘1³2

334 744 397 812 qus
419 720 498 784 viles
520 730 645 786 actores
667 721 847 807 respuentis
870 718 1022 807 superbia
1039 718 1188 785 italicum
1199 717 1278 784 illud
1290 740 1389 806 genu

333 822 486 907 ludorum
519 821 723 885 scenicorum
756 822 905 889 consulto
938 820 1157 908 adoptaretur.
1218 819 1285 906 Qui
1314 819 1389 908 quid

334 923 382 998 sit,
405 921 493 1009 quod
516 924 581 1002 jam
604 923 637 986 in
659 933 780 987 certam
793 922 1028 1010 propriamque
1041 920 1183 1008 speciem
1196 919 1389 986 conformati

334 1021 512 1089 exstiterint
538 1022 624 1109 apud
653 1021 772 1100 Oscos,
804 1023 994 1112 priusquam
1023 1023 1149 1086 Rornae
1176 1021 1299 1109 excepti
1323 1021 1391 1097 sint,

335 1126 376 1188 ita
400 1121 640 1209 explanandum
664 1123 799 1188 videtur.
843 1122 921 1187 Osci
944 1123 1042 1196 enim,
1064 1121 1212 1211 quamvis
1233 1133 1265 1186 et
1287 1121 1390 1210 lingua

335 1236 366 1288 et
393 1223 494 1310 stirps
523 1225 680 1288 Romanis
713 1223 842 1301 affines,
881 1236 990 1288 tamen
1018 1225 1056 1288 iis
1083 1223 1301 1310 temporibus,
1338 1223 1391 1288 ubi

336 1326 482 1391 Graecae
509 1326 619 1391 literae
646 1325 678 1390 in
709 1326 834 1390 ltaliam
865 1326 1004 1412 migrare
1028 1337 1224 1411 coeperunt,
1256 1326 1391 1389 barbara

335 1428 441 1513 lingua
465 1427 510 1490 uti
533 1439 565 1492 et
585 1428 711 1491 rusticis
732 1428 882 1492 moribus
904 1451 971 1491 csse
993 1427 1278 1504 existimabantur‚'
1297 1428 1392 1492 etob

335 1528 570 1616 impudicitiam
613 1529 904 1617 scurrilitatemque
946 1531 1147 1616 contemptui
1186 1529 1394 1618 ludibrioque

336 1643 443 1708 erant,
476 1632 507 1695 id
536 1631 624 1718 quod
655 1632 751 1697 etiam
773 1654 883 1696 scurra
906 1631 1012 1696 Oscus
1038 1631 1091 1694 ille
1113 1631 1200 1717 apud
1224 1633 1393 1703 Horatium

336 1734 441 1798 docet.
482 1735 594 1820 ltaque
617 1733 714 1797 etiam
737 1733 842 1799 Atella
866 1734 943 1798 urbs
965 1733 1079 1798 eadem
1102 1734 1295 1820 ineptiarum
1318 1734 1401 1798 stul-¹

335 1835 488 1923 tiliaeque
510 1835 662 1901 ridiculae
685 1834 771 1899 lama
793 1834 942 1900 floruisse
964 1835 1092 1922 videtur
1115 1858 1177 1924 qua
1195 1835 1281 1923 apud
1295 1839 1396 1899 Grae-

336 1959 392 2000 cos
421 1935 565 2012 Abdera,
604 1935 690 2023 apud
719 1960 780 2001 nos
806 1960 937 2025 quoque
971 1938 1128 2002 nonnulla
1162 1936 1396 2022 oppidulorum

336 2037 516 2119 nomina⁴).
550 2037 644 2123 Quae
661 2039 779 2126 ingenii
796 2062 994 2126 morumque
1011 2040 1253 2128 oppidanorum
1270 2038 1396 2118 indoles
1472 2099 1476 2104 .

336 2138 404 2204 lieri
426 2163 493 2216 non
515 2151 657 2226 poterat,
690 2140 768 2228 quin
791 2153 823 2205 et
843 2141 986 2206 ridiculis
1011 2142 1161 2229 personis
1189 2151 1272 2205 esset
1298 2141 1397 2226 aptis·

338 2241 427 2318 sima,
449 2241 589 2328 ideoque
611 2240 661 2304 his
683 2264 743 2328 per
765 2244 876 2306 omnia
891 2254 1041 2331 tempora
1058 2242 1281 2308 constantibus
1297 2241 1397 2310 etiam

338 2353 568 2430 argumentum
606 2343 717 2430 paullo
758 2343 889 2409 firmius
924 2345 1128 2433 strictiusque
1167 2344 1407 2425 Atellanarum.
1477 2363 1479 2367 ·

263 2503 266 2509 .
338 2467 438 2531 quam
464 2444 742 2510 Fescenninorum
771 2458 826 2511 aut
851 2447 988 2512 Saturae
1014 2449 1183 2512 Romanae
1210 2445 1399 2511 conforma·

339 2559 410 2612 tum
425 2535 490 2611 est.
533 2545 637 2611 Erant
658 2548 754 2633 igitur
777 2547 857 2614 Osci
879 2560 1036 2613 nontam
1064 2549 1249 2613 inventores
1276 2546 1398 2612 borum

338 2648 501 2726 ludorum,
523 2671 606 2737 quos
629 2648 747 2713 eodem
769 2673 888 2737 genere
905 2662 938 2715 et
953 2649 1078 2717 ratione
1095 2653 1193 2715 etiam
1209 2649 1276 2714 aliis
1289 2649 1398 2713 italiae

338 2751 539 2838 regionibus,
562 2751 684 2814 etiamsi
707 2751 856 2817 rudiores
878 2765 910 2818 et
931 2753 1207 2830 inconcinniores‚
1227 2763 1344 2839 sponte
1364 2751 1398 2817 in

244 2921 248 2926 .
337 2853 505 2938 vulgarem
527 2852 903 2927 delectationemeditos
925 2878 995 2919 esse
1021 2877 1117 2942 supra
1143 2854 1320 2920 indicatum
1342 2865 1399 2931 est,

339 2978 438 3043 quam
460 2954 641 3041 aptissimas
657 2956 859 3043 praebebant
875 2956 1046 3038 juvenibus
1064 2958 1222 3021 Romanis
1237 2978 1399 3042 personas,

340 3080 419 3146 quas
441 3069 573 3143 agentes
594 3058 692 3138 jocari
716 3069 747 3122 et
768 3059 902 3124 ridicula
925 3071 1098 3124 contexere
1120 3070 1264 3146 possent·
1358 3088 1360 3091 ’

338 3176 552 3189 σῴα-ι-

442 3255 544 3308 ponere
563 3255 720 3308 personam,
745 3236 819 3308 quod
842 3237 937 3292 ceteris
959 3236 1135 3293 histrionibus
1153 3237 1333 3310 patinecesse
1351 3249 1399 3291 est.

442 3353 474 3365 -
494 3324 649 3379 Histriones
667 3336 761 3396 postea
783 3325 888 3379 demum
910 3346 958 3398 per
981 3325 1088 3381 abusum
1113 3345 1242 3398 personas
1263 3325 1400 3398 sumpsisse

442 3410 577 3483 colligitur
595 3433 609 3466 e
627 3413 730 3466 Donati
749 3413 853 3484 Fragm.
870 3413 904 3468 de
923 3414 1036 3468 comoed
1054 3427 1080 3468 et
1097 3427 1177 3485 trag..
1196 3414 1240 3486 qui
1259 3412 1325 3469 dicit
1340 3433 1401 3486 per·

443 3513 551 3556 sanatos
569 3501 682 3574 primunr
700 3501 781 3572 egisse
804 3501 971 3558 comoediam
991 3502 1112 3558 Cincium
1131 3515 1158 3557 et
1175 3502 1320 3564 Faliscum.
1346 3514 1400 3556 trs-

442 3590 576 3663 goediann
598 3587 743 3643 Minutium
762 3601 789 3643 et
806 3588 957 3644 Prothium.
993 3591 1139 3647 Diomedes
1158 3591 1208 3644 tlt.
1226 3611 1252 3660 p.
1269 3589 1327 3644 ⁴86.
1346 3591 1402 3645 Ro·
1429 3596 1431 3599 ’

444 3679 525 3736 sciunt
545 3677 651 3732 Gallum
669 3676 782 3750 primum
801 3677 828 3730 id
847 3677 932 3751 ipsum
950 3679 1042 3734 fecisse
1060 3678 1149 3743 tradit,
1167 3679 1228 3752 quis
1238 3677 1321 3738 oculis
1331 3689 1402 3737 esset

446 3767 572 3823 obversis.
610 3764 652 3820 Cs.
675 3765 771 3825 Munls,
787 3765 820 3820 de
845 3766 916 3820 sabb.
941 3767 1023 3822 Atell.
1041 3789 1066 3840 p.
1084 3767 1125 3821 71.
1148 3767 1240 3822 Stiere
1262 3765 1296 3820 de
1319 3765 1400 3838 origg.

444 3856 483 3912 rei
507 3876 579 3911 scen.
602 3857 680 3912 llorn.
703 3876 720 3929 p
752 3856 862 3908 21-24.
905 3855 972 3909 Zell.
995 3856 1013 3910 l.
1034 3877 1055 3910 c.
1081 3878 1106 3928 p.
1132 3856 1196 3921 1⁴23
1222 3854 1344 3911 Sebober
1367 3854 1401 3909 de

443 3946 495 4002 tab.
517 3947 558 4000 dt.
577 3965 603 4016 p.
622 3946 646 3999 6.
1224 3995 1226 3999 ⁴

397 4034 422 4106 ⁴)
441 4033 645 4102 Kraelswinkel‚
664 4032 782 4097 solitus,
800 4031 1044 4106 Sohoeppenstedt,
1063 4023 1208 4095 Pollrwitz,
1225 4029 1401 4086 Buxdelrude.

444 4128 487 4180 Do
506 4122 667 4180 scurrilitate
687 4122 819 4189 Oscorum
839 4122 871 4175 cl
890 4120 973 4174 Dion.
991 4122 1079 4176 Halic.
1098 4123 1129 4176 Aa
1148 4123 1182 4177 lt.
1201 4120 1287 4187 taath
1304 4119 1402 4174 Scurra
1500 4165 1504 4172 .

446 4214 533 4270 Oscos
552 4232 594 4284 ap.
614 4212 681 4266 Hor.
702 4212 786 4266 Serm.
805 4211 827 4277 1,
844 4212 870 4277 5,
888 4211 936 4275 52;
962 4211 1050 4266 Munlr
1068 4210 1085 4265 l·.
1104 4231 1127 4265 c.
1146 4230 1170 4282 p.
1187 4208 1230 4263 29.
1255 4207 1324 4263 Zell.
1342 4207 1361 4262 l.
1378 4228 1402 4264 c.

445 4324 470 4376 p.
490 4303 548 4358 Ill.
567 4300 690 4358 Sebober
708 4299 726 4354 l.
745 4319 766 4354 c.
785 4320 810 4372 p.
831 4299 871 4354 17.
1268 4332 1271 4336 -
