3400 5042
810 551 884 625 125

235 731 237 734 ⁴
320 727 437 815 quibus
464 737 576 813 posset
602 725 727 813 populo
754 727 837 790 risus
865 727 1002 792 moveri.
1045 725 1181 814 Optime
1203 752 1281 793 vero
1303 753 1381 817 pro-

321 832 403 894 dunt
423 828 509 893 hanc
531 829 764 915 proprietatem
788 829 947 893 festorum
971 829 1098 894 dierum
1120 833 1294 916 agrestium
1308 856 1381 896 san-

320 932 474 997 ctimonia
500 933 656 1017 ritusque.
698 931 784 994 Nam
812 931 853 995 ad
876 955 911 996 ea
934 955 1016 1018 quae
1039 933 1176 998 Ovidius
1198 934 1239 998 de
1260 934 1382 999 Ferali-

320 1037 380 1100 bus
402 1049 434 1099 et
456 1034 624 1111 Lemuriis,
646 1034 686 1098 de
703 1034 824 1111 'l'acita,
847 1032 954 1099 Carna
977 1035 1048 1113 dea,
1069 1037 1220 1121 strigibus
1242 1038 1379 1117 tradit2),

320 1138 374 1202 ubi
401 1136 562 1200 addideris
589 1159 672 1223 quae
699 1134 739 1198 de
767 1137 892 1215 Mania,
932 1138 1058 1216 Lamia,
1095 1138 1280 1216 Manduco,
1311 1138 1381 1204 aliis

319 1239 414 1304 larvis
426 1245 468 1319 ³),
500 1249 554 1301 aut
580 1259 759 1323 puerorum
787 1263 884 1303 carne
912 1241 1134 1318 vescentibus,
1170 1253 1225 1304 aut
1251 1240 1379 1306 adultos

318 1341 408 1405 vario
441 1339 542 1403 modo
576 1338 715 1425 maligne
749 1341 938 1405 vexantibus
965 1343 1063 1428 vulgo
1090 1341 1240 1406 horrifica
1269 1341 1381 1408 crede-

319 1445 447 1520 bantur,
466 1441 561 1506 lacile
583 1453 727 1529 apparet,
750 1443 782 1504 in
803 1452 929 1506 tantam
949 1443 1050 1508 luisse
1070 1443 1222 1509 homines
1242 1445 1381 1510 rusticos

319 1543 556 1632 superstitionis
578 1543 810 1607 obscuritatem
833 1543 1018 1623 demersos,
1040 1558 1075 1610 ut
1095 1547 1161 1610 suis
1182 1546 1380 1634 quibusdam

319 1646 482 1733 figmentis
504 1645 565 1710 illis
587 1645 798 1710 infernalibus
819 1644 894 1732 plus
916 1648 1130 1712 verecundiae
1142 1672 1241 1736 quam
1254 1648 1379 1736 superis

320 1749 380 1813 diis
403 1747 490 1836 apud
512 1747 657 1811 animum
684 1747 877 1816 tribuerent.
920 1749 1049 1814 Deinde
1071 1749 1160 1837 quod
1182 1773 1279 1836 supra
1301 1749 1382 1814 vidi·

320 1875 394 1915 mus
416 1851 613 1914 obscoenam
640 1849 806 1936 quandam
832 1850 1078 1936 protervitatem
1106 1875 1124 1915 e
1150 1864 1264 1916 natura
1292 1874 1382 1937 agre·

321 1955 418 2018 stium
441 1953 578 2016 deorum
599 1952 799 2038 prolectam,
832 1951 921 2015 idem
943 1977 982 2017 eo
1009 1975 1141 2040 quoque
1167 1955 1382 2039 cognoscitur,

322 2055 410 2143 quod
433 2055 465 2116 in
488 2054 703 2140 Agonalibus‚
725 2055 936 2134 Faunalibus,
958 2055 1205 2141 Lupercalibus,
1226 2055 1381 2119 Liberali-

321 2160 396 2234 bus,
434 2156 503 2219 aliis
530 2156 725 2242 quibusdam
754 2157 869 2220 diebus
896 2158 985 2222 lestis
1013 2157 1214 2222 celebrandis
1239 2155 1379 2221 fabellae

321 2258 482 2347 quaedam
509 2280 640 2343 semper
666 2257 706 2320 de
733 2257 794 2322 illis
822 2258 1011 2323 numinibus
1038 2259 1221 2323 obscoenae
1248 2271 1281 2322 et
1302 2259 1381 2345 lepi-

321 2354 380 2425 dae
408 2361 441 2423 in
467 2359 682 2444 agricolarum
706 2383 763 2423 ore
791 2362 1013 2424 versabantur.
1054 2362 1114 2424 Est
1133 2374 1243 2425 autem
1265 2361 1381 2425 eadem

320 2486 451 2550 semper
470 2485 521 2527 res
544 2461 584 2525 de
607 2485 669 2548 qua
687 2462 791 2547 agitur
807 2465 910 2528 coitus
926 2462 1027 2526 libido
1039 2474 1094 2526 aut
1110 2464 1203 2540 senis,
1225 2476 1381 2544 autanus,

321 2566 372 2631 vel
401 2587 509 2628 errore
536 2564 587 2627 vel
617 2563 695 2626 dolo
726 2563 777 2627 vel
810 2563 961 2628 fortunae
993 2563 1161 2651 iniquitate
1192 2566 1380 2652 intercepta.

321 2668 374 2734 sic
388 2667 515 2732 Silenus
536 2665 727 2729 libidinosus
743 2665 902 2750 virginem
921 2664 1143 2730 dormientem
1159 2689 1219 2753 per
1230 2670 1380 2732 tenebras

321 2782 435 2858 petens
458 2767 537 2832 asini
559 2769 702 2832 clamore
724 2769 830 2832 subito
858 2766 986 2832 sublato
1014 2767 1054 2831 ab
1077 2768 1206 2854 incepto
1229 2768 1381 2834 desistere

322 2883 452 2937 coactus
475 2869 648 2947 deridetur,
671 2882 702 2933 et
713 2870 844 2933 Faunus
861 2869 965 2933 simile
978 2869 1160 2948 meditatus,
1181 2869 1284 2934 leonis
1295 2870 1381 2957 pelle

321 2975 434 3050 lalsus,
467 2971 579 3035 incidit
600 2973 632 3034 in
654 2972 760 3035 virum
783 2972 931 3035 omnium
954 2971 1095 3035 maxime
1116 2971 1258 3049 virilem,
1289 2973 1381 3037 sicuti

321 3078 454 3141 Maccus
480 3074 533 3137 ille
559 3074 592 3137 in
621 3073 727 3136 sabula
756 3074 903 3138 Atellano
931 3074 1085 3160 deceptus
1112 3073 1248 3137 clamate
1284 3075 1380 3139 l’erii!

320 3202 388 3242 non
410 3176 516 3263 puella
540 3180 601 3239 est!
624 3175 729 3238 Simili
748 3180 872 3240 ratione
889 3178 977 3241 Mars
995 3177 1162 3239 ltlinervae
1178 3177 1381 3240 connubium

322 3303 479 3368 quaerens
501 3277 541 3340 ab
565 3281 658 3340 Anna
687 3277 831 3343 l’erenna
860 3301 925 3342 anu
951 3277 1055 3342 velata
1076 3277 1111 3341 in
1137 3278 1325 3364 amplexum
1347 3301 1381 3344 se

321 3383 483 3447 ollerente
505 3378 671 3443 deridetur
683 3385 717 3456 ⁴).

380 3737 407 3807 ²)
426 3738 508 3793 Ovid.
528 3739 601 3792 Fast.
619 3738 652 3800 11,
669 3738 734 3803 δ31;
751 3738 786 3801 V,
803 3739 868 3804 tan
884 3738 932 3802 vt,
952 3738 1009 3792 tot.

381 3844 407 3915 ⁸)
426 3845 517 3900 isidor.
538 3845 621 3918 Origg
648 3845 723 3908 Vlll,
742 3847 783 3908 ll,
802 3847 861 3899 101.
895 3843 988 3901 Schol.
1005 3844 1103 3900 vet.ad
1112 3844 1271 3920 Hor.Ep.l,
1289 3847 1382 3911 13,10.

410 3933 466 3989 .Ct.
486 3934 619 4004 Hartung.
638 3934 698 3988 Rel.
718 3935 795 3988 Rorn.
809 3934 829 3997 l,
847 3933 889 3986 71.

383 4039 408 4110 ⁴)
426 4042 470 4096 De
493 4041 587 4097 Sileno
612 4041 692 4096 Ovid.
711 4041 783 4096 Fast.
803 4041 906 4110 l,391;
931 4040 965 4096 de
988 4029 1083 4096 Fauno
1100 4037 1136 4104 ll,
1157 4040 1224 4106 ³⁰³3
1251 4038 1285 4096 de
1304 4041 1383 4097 Anna

426 4130 554 4185 Perenna
573 4130 618 4190 lll.
637 4129 696 4184 616.
724 4130 766 4186 Cf.
784 4129 887 4201 Frsgm.
906 4127 989 4186 fabul.
1008 4124 1089 4184 Atell.
1108 4125 1181 4202 apud
1189 4126 1332 4185 Montium
1349 4126 1384 4183 de

425 4216 520 4273 fabulis
538 4215 671 4274 Atellanis
688 4235 714 4292 p.
732 4216 775 4272 31.
