3400 5042
801 512 849 588 7⁵

299 687 420 775 antiqui
454 703 575 754 acutum
603 687 789 762 dicebant3'
810 688 897 752 unde
926 699 959 752 et
985 686 1093 750 avium
1122 710 1247 772 pennae
1275 687 1348 775 quia

300 800 441 858 acutae«
485 790 599 854 isidor.
623 790 735 877 Origg.
757 793 839 868 XlX,
863 799 920 867 193
952 813 1057 877 neque
1079 788 1206 853 aliunde
1228 813 1350 854 nomen

300 897 429 956 Peniuui
458 899 565 958 moniis
593 905 625 956 et
644 897 730 957 Jovrt
760 899 889 957 Peucini
918 892 1145 956 deducendum
1174 903 1231 955 est.
1275 891 1350 976 Qua

298 994 430 1059 notione
453 995 492 1058 ad
515 995 606 1059 lanae
628 995 680 1059 fita
702 1019 758 1059 seu
780 996 882 1060 crines
902 994 1051 1073 tanslata‚
1073 1010 1222 1080 pennatus
1243 1000 1351 1079 impen-

300 1112 448 1184 nataspue
469 1123 565 1177 egnes
588 1109 658 1161 est:
689 1123 785 1176 agnos
807 1104 929 1163 lunatos
951 1109 982 1161 et
1004 1124 1060 1162 non
1082 1103 1203 1164 lanatos
1225 1122 1282 1162 seu
1304 1125 1351 1163 ve·

299 1214 377 1264 teres
399 1211 431 1263 et
452 1225 551 1268 novas.

382 1307 509 1367 »Pesru's
530 1302 644 1388 pennis
667 1313 702 1365 ut
725 1300 902 1367 Casmenas
924 1302 1073 1367 dicebant
1093 1326 1154 1390 pro
1167 1300 1351 1368 Camenis«

300 1406 383 1468 Fest.
406 1429 435 1491 p·
457 1411 533 1479 2053
560 1404 602 1467 id.
620 1427 652 1490 p.
670 1410 745 1468 209:
774 1405 921 1468 „Pennas
942 1405 1092 1492 antiquos
1112 1405 1223 1469 serunt
1243 1404 1353 1492 appel-

300 1507 379 1570 lasse
406 1519 518 1594 petnas
546 1530 583 1568 ex
607 1506 748 1584 Graeco,
782 1507 871 1593 quod
899 1507 943 1570 illi
965 1496 1095 1585 πετηνά
1116 1531 1152 1571 ea
1175 1531 1257 1594 quae
1279 1519 1353 1570 sunt

300 1609 478 1672 volucriora
501 1609 617 1672 dicant.
656 1611 738 1672 item
761 1610 891 1673 easdem
913 1632 1027 1696 pesnas
1049 1622 1085 1673 ut
1106 1633 1265 1676 caesnas«
1298 1610 1352 1674 Sic

299 1735 373 1774 cum
406 1711 518 1775 Muell.
552 1712 658 1776 scribo
690 1723 917 1799 praeterquam
957 1711 1046 1798 quod
1084 1718 1250 1777 volucriora
1284 1715 1357 1776 non¹

300 1813 420 1878 mutavi
443 1815 475 1877 in
497 1820 636 1878 volucria.
687 1817 809 1878 Veram
838 1815 926 1877 verbi
954 1817 1087 1902 stirpem
1114 1815 1214 1880 babet
1238 1814 1352 1879 lsidor.

300 1917 318 1979 Ι.
341 1942 366 1980 c.
389 1917 520 2004 Spectat
540 1941 618 1981 vero
640 1917 680 1981 ad
703 1923 792 1982 alites
814 1929 846 1980 et
868 1916 993 1980 oscines
1015 1941 1097 1996 aves,
1119 1917 1159 1982 de
1181 1917 1297 2004 quibus
1318 1917 1352 1982 in

299 2019 504 2106 auguralibus
521 2019 682 2084 Saliorum
702 2019 897 2103 carminibus
914 2032 1133 2085 memoratum
1151 2043 1219 2085 esse
1234 2021 1354 2084 docent

301 2123 397 2186 verba
420 2128 584 2200 Sonicium,
614 2138 790 2208 praepetes,
818 2137 988 2187 rumentum.

381 2229 506 2288 »Pescia
527 2225 560 2288 in
582 2224 701 2290 Saliare
730 2226 872 2290 carmine
901 2229 1008 2290 ficitur
1039 2231 1114 2290 Stilo
1144 2224 1206 2290 dici
1235 2223 1279 2288 ait
1300 2250 1352 2290 ce-

296 2332 375 2411 pitia
397 2351 435 2391 ex
456 2327 594 2414 pellibus
616 2334 732 2408 egnicus
755 2329 846 2405 facta,
871 2328 959 2416 quod
977 2327 1093 2392 Graeci
1112 2328 1212 2414 pelles
1235 2340 1353 2392 vocent

298 2456 387 2514 pes-ce
409 2441 524 2493 neutro
554 2451 671 2514 genere
698 2432 893 2517 pluraliter«
937 2433 1021 2497 Fest.
1042 2454 1074 2516 p.
1096 2436 1166 2495 210.
1199 2430 1284 2494 Festi
1306 2429 1353 2492 in-

300 2543 457 2618 terpretes
480 2531 655 2596 attulerunt
676 2529 787 2607 πίκω,
808 2534 931 2598 tondeo
954 2545 986 2596 et
1008 2529 1118 2610 πέσκη
1148 2556 1186 2596 ex
1214 2531 1353 2620 Hesych.

300 2630 470 2706 auertitur,
497 2618 692 2718 δερμάτων.
736 2638 779 2699 At
806 2636 902 2699 etiam
930 2635 982 2699 hic
1004 2634 1036 2697 in
1063 2635 1200 2723 vestigiis
1222 2635 1353 2699 Latinae

299 2736 425 2821 linguae
448 2748 530 2798 stare
552 2736 634 2800 licet.
676 2739 763 2802 Nam
785 2762 886 2824 quum
908 2766 956 2817 sc,
980 2766 1025 2807 cs.
1048 2753 1092 2814 ct,
1114 2752 1175 2816 cst,
1193 2765 1215 2802 x
1237 2737 1270 2801 in
1292 2740 1354 2802 lta-

300 2838 358 2902 liae
391 2837 539 2926 antiquae
578 2840 692 2926 linguis
729 2842 916 2928 promiscuo
954 2842 1051 2905 fuisse
1083 2865 1144 2905 usu
1175 2840 1354 2917 videantur,

300 2946 412 3005 Pescia
433 2965 450 3004 a
470 2949 615 3025 pectendo
644 2943 807 3008 derivatur
827 2956 864 3008 ut
890 2944 1012 3008 Saliare
1039 2948 1180 3008 lusicium
1205 2942 1238 3007 h.
1255 2969 1281 3008 e.
1308 2950 1354 3007 in-

299 3060 384 3109 secta
405 3070 475 3108 caro
498 3046 538 3108 ab
561 3053 727 3112 insecundo.
781 3049 827 3112 Ut
854 3048 949 3134 igitur
968 3073 1054 3132 pexa
1080 3053 1170 3111 vestis
1197 3058 1244 3110 est
1270 3047 1353 3110 bene
1457 3063 1460 3069 '

300 3156 421 3224 lunare,
454 3149 546 3225 (Hor.
574 3150 657 3236 Epp.
685 3156 827 3229 t‚1,95.
856 3149 937 3214 Ptin.
966 3152 1007 3213 H.
1036 3150 1076 3213 N.
1109 3151 1198 3213 Vill.
1225 3155 1283 3226 ts)
1309 3149 1354 3212 sic

298 3257 403 3336 pescia
425 3263 500 3314 sunt
521 3258 634 3337 capitia
655 3261 760 3318 torreta
776 3253 940 3318 Saliorum
962 3252 1065 3317 hostia
1078 3253 1169 3317 albae
1181 3276 1237 3316 seu
1249 3258 1355 3336 opicae

299 3357 367 3419 ovis
389 3361 461 3419 lanu
482 3346 629 3418 contexta
659 3357 699 3420 cf.
722 3381 751 3420 v.
774 3362 861 3440 opica
883 3381 912 3419 v.
932 3371 1080 3439 pennulas
1108 3363 1353 3442 impennatasque

299 3485 403 3538 agnas.

381 3563 555 3644 »Perfiues‚
577 3560 786 3648 perfringas«
819 3564 904 3627 Fest.
923 3586 954 3648 p.
971 3568 1041 3626 205.
1075 3560 1238 3648 Significat
1259 3563 1354 3649 igitur

300 3666 379 3728 lines
400 3663 522 3740 tollere,
543 3664 712 3749 perimere,
735 3677 770 3728 ut
787 3665 922 3730 delinire
940 3664 1020 3728 fines
1032 3664 1235 3742 constituere,
1256 3676 1353 3752 atque

300 3768 341 3830 ita
364 3765 525 3851 pertinere
547 3766 586 3828 ad
611 3766 700 3830 effati
725 3775 854 3853 pomerii
869 3771 953 3852 fines
979 3779 1119 3854 poterat,
1151 3768 1191 3831 ci.
1214 3769 1266 3836 Fr.
1287 3768 1350 3833 No.

300 3895 328 3933 v.
348 3874 531 3953 promerion,
553 3871 671 3950 effatu,
693 3876 890 3948 emerendae,
913 3886 1069 3956 exputare.

383 3977 529 4036 „Peritum
552 3996 675 4049 suram,
709 3976 826 4038 siccam
849 3987 881 4038 et
902 3975 1103 4038 substrictam
1129 3974 1226 4061 vulgo
1254 3975 1352 4040 inter-

301 4085 477 4162 pretantur.
526 4075 679 4139 Scaevola
709 4078 751 4140 ait
779 4078 932 4164 ungulam
963 4077 1070 4140 albam
1098 4078 1171 4164 equi
1194 4077 1236 4141 ita
1263 4077 1352 4143 dict«

300 4179 339 4241 cl.
362 4179 446 4242 Non.
469 4201 501 4263 p.
526 4185 592 4253 149,
614 4184 642 4242 7.
686 4180 768 4243 Post.
790 4204 822 4265 p.
844 4187 924 4245 330:
957 4186 1088 4266 „Spatile
1115 4192 1248 4244 vocatur
1268 4181 1351 4247 inira

300 4280 491 4345 umbilicum
514 4280 587 4360 suis,
610 4282 697 4368 quod
721 4293 768 4345 est
789 4283 904 4363 carnis,
925 4283 1048 4370 proprii
1071 4283 1237 4364 cujusdam
1259 4283 1351 4350 habi·
