3400 5042
706 569 707 573 ‘
815 563 890 642 no
959 657 963 663 ,

220 805 223 811 .
326 741 466 831 denique
483 739 645 828 vestisque
656 739 899 817 mutationibus,
919 741 952 806 in
964 762 1094 806 scenam
1106 746 1385 826 conspectumque

325 841 522 930 produceret
541 852 762 928 spectatorum
775 846 809 920 ⁸).
853 845 898 906 At
917 865 958 906 ne
980 828 1045 906 boc
1066 840 1200 928 quidem
1222 837 1263 904 ed
1285 833 1385 926 expli·

286 970 287 974 ¹
326 942 467 1008 candum
495 944 670 1031 proprium
697 941 788 1006 verbi
816 965 949 1008 sensum
975 941 1126 1008 sufficere
1154 939 1295 1015 videtur,
1327 938 1383 1028 qui

215 1081 217 1084 >
325 1043 433 1127 multo·
451 1043 683 1135 praegnantior
704 1041 764 1108 hac
785 1043 1118 1132 rationeexplicaturj.
1150 1041 1272 1133 *Quum
1293 1039 1385 1106 festis

325 1145 438 1213 (bobus
463 1157 539 1233 post
566 1168 706 1210 messem
734 1145 905 1232 celebratis
925 1158 958 1210 et
985 1155 1073 1210 certa
1093 1141 1254 1232 quaedam
1274 1140 1384 1206 homi·

316 1269 403 1312 <num
427 1269 554 1334 genera,
576 1259 611 1342 nt
625 1270 717 1311 senes
734 1246 914 1324 libidinosi,¹
928 1270 1009 1312 anus
1030 1244 1246 1336 impudentes,
1266 1253 1382 1320 scorta,
1399 1338 1401 1340 q
1506 1311 1509 1315 ,

324 1360 485 1413 amatores
511 1349 636 1419 insulsi.
669 1372 744 1412 curn
771 1349 890 1434 gaudio
917 1349 1063 1436 publico.
1076 1346 1316 1420 deriderentur,
1348 1342 1381 1407 id
1490 1391 1505 1398 .-

324 1450 414 1538 quod
436 1455 533 1536 supra
556 1449 596 1513 de
619 1449 749 1527 Faunis,
771 1451 811 1514 de
835 1453 929 1515 Anna
947 1453 1102 1524 Perenna,
1123 1448 1164 1511 de
1184 1446 1302 1534 puellis
1322 1469 1383 1533 pu·

323 1552 413 1616 blicis
434 1551 587 1627 vidimus,
615 1563 647 1614 et
668 1564 773 1624 satura
796 1551 871 1616 lanx
892 1553 926 1616 in
946 1553 1107 1639 templum
1131 1548 1262 1614 Cereris
1288 1547 1382 1612 variis

273 1717 276 1726 ,
316 1654 471 1742 ,primitiis
493 1653 588 1718 sacris
615 1653 734 1717 referta
760 1665 960 1739 portaretur,
992 1654 1145 1720 facillime
1172 1651 1240 1715 fieri
1266 1651 1381 1737 potuit,
1439 1709 1441 1711 ,

242 1743 244 1747 ⁴
324 1768 359 1820 ut
380 1756 442 1836 joci
463 1755 507 1820 illi
531 1774 606 1818 cum
628 1753 688 1818 hac
715 1754 906 1820 solemniter
934 1755 1096 1837 conjuncti
1119 1765 1152 1819 et
1172 1753 1233 1840 ipsi
1254 1763 1380 1817 saturae
1471 1788 1475 1796 ·

323 1857 573 1945 appellarentur.
1003 1880 1005 1883 ¹
1066 1845 1068 1848 ’
1423 1845 1426 1848 ’
1489 1851 1491 1855 ’

404 1958 495 2045 >Quid
517 1958 635 2044 igitur?
655 1957 744 2021 Num
767 1963 825 2023 hae
846 1971 971 2025 saturae
992 1957 1235 2046 planeeaedem
1248 1956 1381 2025 fuerunt
1412 1978 1415 1982 “

220 2096 223 2100 ·
323 2067 493 2125 adversus
514 2059 733 2125 Fescennini?
774 2059 864 2124 Nihil
888 2085 965 2126 vero
988 2062 1109 2134 minum
1139 2058 1196 2142 sed
1217 2057 1300 2121 baec
1320 2078 1381 2143 po·

322 2163 384 2227 tius
405 2162 488 2228 ratio
510 2161 595 2226 inter
616 2173 772 2250 utrosque
794 2162 1035 2227 intercedebat:
1079 2162 1173 2246 Quae
1194 2149 1340 2246 primum
1361 2180 1379 2222 a

309 2270 399 2329 ceres
417 2268 553 2350 personis
574 2263 645 2327 rudi
668 2264 941 2351 ‹et-incomposito
967 2287 1061 2329 more
1086 2287 1147 2351 per
1166 2266 1381 2326 Fescennium
1483 2283 1486 2288 ·

322 2366 484 2448 licentiam
504 2364 538 2429 in
559 2365 641 2452 agris
663 2365 786 2454 viisque
802 2366 939 2453 publicis
951 2366 1158 2444 ludebantur,
1179 2361 1379 2450 procedente
1471 2423 1489 2433 ,.

249 2505 251 2510 ·
321 2480 472 2555 tempore
494 2490 569 2532 cum
591 2467 983 2561 saltationibustibiisque
1004 2467 1149 2533 Etruscis
1170 2467 1204 2529 in
1220 2465 1378 2528 urbanam

322 2592 452 2636 scenam
473 2581 615 2657 recepta,
638 2581 669 2633 et
688 2569 749 2633 sub
763 2572 854 2654 fictu
871 2577 1011 2655 personale
1032 2581 1101 2635 acta
1124 2579 1200 2632 sunt
1220 2566 1254 2631 in
1270 2581 1379 2660 satiato

320 2679 456 2764 antiqno.
469 2671 527 2735 llis
538 2693 617 2735 vero
629 2671 747 2735 sabulis
760 2672 917 2760 quoniam
928 2671 997 2737 fieri
1011 2695 1079 2736 non
1091 2681 1229 2758 poterat,
1239 2668 1318 2756 quin
1328 2691 1378 2732 ar·
1391 2719 1394 2725 .
1436 2707 1439 2712 -

321 2785 513 2862 gumentum
525 2773 685 2854 ejusmodi
697 2773 870 2845 ridiculum
882 2775 1036 2852 subesset,
1047 2773 1142 2861 quale
1153 2771 1254 2850 amari
1267 2793 1284 2834 a
1295 2768 1380 2839 mul·
1476 2807 1484 2848 ·.

287 2914 290 2919 ·
319 2876 456 2941 titudine
476 2897 573 2962 supra
596 2875 636 2939 de
658 2876 867 2946 fescenninis
888 2876 1044 2953 vidimus,
1070 2876 1167 2939 etiam
1189 2883 1295 2950 certae
1317 2882 1378 2934 sta·
1459 2941 1462 2946 ,

320 2990 478 3065 tutaeque
488 2981 654 3064 *personae
683 2977 844 3066 quaedam
866 2978 900 3041 in
921 2978 1098 3043 ludibrium
1119 2977 1378 3063 risumque-spe-

321 3092 480 3145 ctatorum
509 3079 707 3166 productae
725 3103 793 3145 non
823 3084 977 3166 poterant
1007 3081 1120 3144 abesse
1148 3103 1165 3142 a
1195 3078 1377 3170 carminum
1472 3151 1474 3154 ¹
1499 3101 1500 3104 ¹

293 3193 295 3197 '
321 3182 530 3271 popularium
562 3203 694 3268 genere,
737 3182 827 3270 quod
858 3182 1061 3270 per-viginti
1088 3193 1121 3246 et
1148 3192 1280 3249 centum
1307 3179 1377 3243 fere

320 3307 423 3350 annos
445 3283 544 3353 literis
565 3284 756 3348 mandatum
777 3308 845 3348 non
873 3290 1003 3362 esset⁷).
1047 3286 1116 3348 Hac
1143 3276 1230 3347 vero·
1249 3275 1377 3357 ratione
1470 3276 1475 3346 Ἀ

252 3378 255 3383 ’
320 3388 418 3457 verba
440 3385 542 3450 Livii:
574 3392 725 3471 &scripto
747 3388 821 3468 jam*
835 3387 878 3451 ad
902 3386 1070 3451 tibicinem
1096 3400 1186 3451 contu
1213 3385 1255 3481 ita
1282 3384 1376 3448 facile
1429 3472 1431 3475 Ι

318 3493 529 3505 -a—-n-—n

255 3568 258 3573 ·
333 3530 335 3534 ’
374 3539 530 3615 ⁸)Cnsrmb.
549 3537 567 3592 l.
588 3561 610 3594 c.
629 3534 733 3612 p.'250;
751 3540 784 3620 cs.
803 3538 927 3594 Schober
945 3539 979 3593 dc
996 3538 1068 3596 labb.
1087 3537 1205 3593 Atellam
1222 3559 1247 3610 p.
1266 3505 1399 3591 llr'l'res·

422 3625 575 3701 explicandi
600 3626 716 3681 rationes
742 3627 847 3699 profert
873 3627 1019 3681 Diomedes
1045 3627 1091 3681 Ill.
1114 3648 1140 3700 p.
1165 3626 1225 3681 484.
1246 3625 1377 3681 ,Putscbc

246 3715 247 3719 ¹
323 3744 326 3749 >
425 3716 527 3770 »Satira
549 3715 619 3769 dicta
643 3713 699 3770 sive
717 3736 732 3768 a
750 3713 869 3785 Satyris,
896 3715 969 3786 quod
992 3716 1114 3770 similiter
1135 3716 1164 3769 in
1185 3717 1238 3771 boc
1260 3716 1377 3783 camnine

421 3802 548 3858 ridiculae
565 3823 606 3857 res
625 3803 818 3876 pudendaeque
838 3802 968 3867 dicuntur,
987 3824 1052 3876 quae
1070 3803 1144 3858 velut
1161 3825 1176 3859 a
1194 3805 1298 3876 Satyris
1314 3825 1377 3878 pro·
1423 3866 1425 3870 Α
1446 3856 1448 3859 ,

422 3892 543 3946 seruntur
560 3904 587 3946 et
604 3889 679 3954 fiunt,
698 3891 754 3945 sive
773 3891 894 3944 aSatnra
909 3890 996 3954 lance,
1014 3912 1081 3963 quae
1099 3894 1198 3947 referta
1214 3892 1293 3948 variis
1311 3889 1376 3948 mul-
1466 3934 1469 3939 -
1502 3960 1506 3967 ,

353 4000 356 4006 ·
421 3979 507 4052 tisque
525 3979 647 4050 primitiis
664 3979 743 4034 sacris
762 3977 867 4057 Cereris
886 3979 1063 4045 inferebatur;
1078 3979 1123 4034 rel
1139 3995 1157 4034 ⁴a
1170 3982 1248 4054 copia
1264 3995 1291 4036 et
1307 3975 1377 4038 θεία-

329 4085 332 4091 ·
420 4069 499 4123 ritate
516 4067 556 4122 rei
574 4065 843 4123 Satura-iocabatur.
871 4069 895 4120 Α
912 4067 989 4122 lance
1006 4081 1078 4124 recte
1097 4067 1200 4124 derivat
1213 4073 1247 4124 K.
1259 4070 1294 4126 0.
1306 4071 1374 4126 zell.
1392 4064 1394 4069 ¹
1417 4071 1419 4074 ’
1476 4070 1478 4075 ’

359 4179 362 4187 ·
421 4156 439 4209 l.
458 4176 480 4210 c.
519 4155 602 4210 .13‹l.
1253 4165 1257 4170 '

370 4241 396 4315 ¹)
415 4175 558 4316 Siquidem
569 4243 625 4298 ludi
634 4244 741 4315 Etrusci
750 4243 810 4298 364.
819 4264 842 4297 a.
853 4243 903 4297 Cb.
914 4246 1024 4298 Romam
1033 4247 1226 4317 pervenerunt3
1243 4246 1299 4301 ludi
1309 4244 1375 4304 Osci
1436 4245 1440 4252 ’

421 4331 498 4388 brevi
514 4345 577 4405 post
585 4331 653 4388 Livii
667 4333 816 4387 Andronici
833 4332 942 4406 primam
956 4332 1071 4388 fabulam
1080 4335 1181 4390 Rornae
1190 4345 1274 4390 actam
1283 4355 1304 4389 a
1314 4336 1374 4391 241.
