3400 5042
700 563 740 599 „
820 509 981 618 ⁸1}
1085 465 1093 523 ³

404 689 539 750 »Soneio
577 684 735 771 significat
769 685 805 748 in
836 684 982 751 carmine
1019 689 1138 755 Saliari
1166 693 1199 751 et
1233 682 1378 770 augurali

225 852 227 856 1
319 793 469 857 sonanti«
511 772 575 853 'stc
607 787 718 852 Ursin.
750 788 836 852 bene
867 785 1030 875 supplevit
1049 788 1137 852 Fest.
1157 811 1191 874 p.
1213 793 1284 862 290.
1324 791 1381 850 So·
1464 841 1467 848 .
1495 782 1497 786 ’

319 896 426 956 urbium
446 896 622 975 tripudium,
638 901 675 953 ut
695 889 739 953 ait
761 889 886 976 Appius
909 888 1057 968 Pulcher,
1078 888 1168 975 quod
1188 904 1283 967 sonet,
1304 912 1380 955 cum
1435 928 1437 932 ·

253 983 254 986 ¹
319 993 410 1080 pullo
433 993 551 1058 excidit
570 992 652 1080 puls,
673 992 955 1079 quadrupedive.«-
971 992 1057 1056 fest.
1074 1015 1107 1079 p.
1128 998 1200 1058 297.
1222 992 1288 1056 Sed
1310 1014 1380 1057 am·

260 1096 263 1100 ⁴
319 1095 459 1180 pliorem
482 1095 580 1159 luisse
602 1094 636 1159 in
658 1095 798 1180 auguriis
819 1095 910 1158 verbi
933 1117 1065 1159 sensum
1087 1093 1380 1163 docet.Serv.Aen.

320 1199 361 1274 V,
381 1203 463 1263 doz·
497 1201 692 1282 »Tripudium
723 1204 867 1262 sonivium
899 1196 1002 1261 idest
1029 1221 1173 1287 arona«
1215 1195 1269 1260 Ad
1291 1196 1382 1283 quod

319 1300 468 1384 pertinet,
489 1298 515 1363 ai
536 1301 635 1364 arbor
654 1312 770 1386 sponte
791 1296 943 1373 radicitus
964 1299 1068 1378 cadat,
1088 1299 1114 1364 si
1135 1311 1222 1366 terra
1232 1307 1381 1364 tremat«
1466 1312 1470 1317 “

322 1398 375 1466 Cf.
398 1399 466 1466 Cic.
490 1402 529 1465 ad
553 1402 627 1466 Div.
650 1404 708 1482 Vl,
728 1408 756 1467 6.
769 1413 802 1466 et
818 1401 898 1466 Plin.
912 1403 952 1465 H.
964 1401 1005 1466 N.
1017 1404 1089 1480 XV,
1110 1408 1161 1466 22.
1203 1402 1264 1465 Est
1284 1399 1381 1486 igitur

230 1564 232 1566 ,
287 1571 292 1580 ,
321 1503 484 1567 sonivium
510 1504 691 1590 tripudium
719 1505 876 1568 omnino:
910 1503 1000 1590 quod
1023 1503 1057 1567 in
1083 1502 1300 1592 qualicunque
1326 1525 1382 1566 au·

321 1606 413 1691 gurio
436 1621 547 1671 terram
568 1607 610 1670 ita
629 1613 721 1692 punit,
742 1618 779 1672 ut
798 1621 896 1684 sonet,
916 1605 1058 1693 ideoque
1076 1605 1174 1669 etiam
1186 1604 1227 1669 ad
1238 1620 1381 1685 sonantes
1421 1670 1423 1675 ,

321 1707 485 1772 Saliorum
513 1715 732 1779 exsultationes
764 1709 882 1796 quihus
909 1730 1014 1773 novus
1047 1730 1151 1772 annus
1183 1713 1384 1786 mergeretur

320 1811 470 1893 pertinet,
487 1810 588 1884 ,unde
613 1816 782 1895 tripudiare
807 1811 943 1878 saltandi
970 1810 1141 1875 notionem
1161 1811 1294 1896 accepit.
1326 1807 1381 1873 cf.

320 1923 387 1975 not.
411 1918 479 1977 107.
527 1913 636 1977 Docet
659 1936 753 1992 vero,
783 1912 810 1977 ai
833 1913 912 2001 quid
933 1913 1047 1991 video,
1078 1912 1183 1998 glossa
1205 1916 1383 1978 Rumantum

320 2013 401 2077 haee
423 2014 541 2078 verba:
574 2021 686 2080 sombr'o
709 2021 858 2100 tripudio,
877 2030 1053 2101 praepetes,
1074 2019 1211 2099 afrolunt
1232 2013 1383 2080 carminis

321 2138 406 2194 esse,
427 2114 507 2179 dum
528 2121 641 2182 ancilia
660 2132 858 2196 morerentur,
887 2115 1042 2183 Calendis
1064 2117 1188 2183 Martiis
1210 2114 1382 2181 decantati.

402 2221 595 2303 Supplicunte
616 2219 657 2284 cs.
679 2221 732 2285 Fr.
755 2219 819 2285 Νο.
842 2226 872 2286 7.
1160 2292 1162 2297 .

329 2350 331 2354 ⁴
363 2360 365 2364 .
404 2324 598 2386 »Subuculom
619 2326 725 2390 Aelim
741 2326 818 2387 Stilo
842 2332 875 2386 et
894 2325 1029 2387 Cloatius
1051 2319 1167 2388 iisdem
1188 2319 1259 2384 fere
1274 2319 1383 2401 perbis

322 2422 547 2487 demonstrant
568 2424 691 2502 vocari,
707 2425 813 2512 -quod
839 2425 900 2489 diis
922 2425 1018 2488 detur
1038 2446 1078 2486 ex
1098 2423 1178 2488 alica
1201 2433 1233 2487 et
1254 2421 1329 2486 oleo
1351 2432 1384 2485 et

222 2557 224 2560 ·
321 2524 435 2602 melle,
479 2549 556 2588 nam
584 2526 625 2589 de
658 2526 785 2591 tunicae
818 2549 938 2614 genere
971 2536 1087 2589 notum
1119 2536 1168 2588 est
1199 2524 1384 2615 omnibus«

320 2627 380 2691 Est
398 2626 494 2712 igitur
505 2626 654 2714 placenta
666 2651 749 2715 quae
761 2628 875 2693 ceteris
887 2628 1080 2714 dapatilibua
1090 2632 1229 2693 subditur
1240 2615 1391 2706 (subdue,

320 2734 427 2797 statuo
448 2740 485 2793 ut
502 2734 609 2810 exuo),
621 2731 724 2795 ‘unde'
738 2730 884 2796 fabulam
905 2729 995 2803 illam
1011 2730 1052 2794 de
1063 2731 1193 2794 Aeneae
1210 2727 1385 2823 comitibus

322 2854 449 2896 mensas
471 2832 719 2898 comedentibus
741 2829 916 2900 confictam
939 2831 1146 2898 crediderim.
1168 2831 1208 2896 cf.
1232 2855 1261 2894 v.
1272 2836 1386 2915 polteo,

321 2934 434 3015 resrrba
446 2937 538 3014 sada.
580 2934 667 2998 Fest.
688 2957 720 3020 p.
742 2939 812 2999 309.

404 3038 517 3106 »Tame
535 3035 568 3099 in
589 3042 718 3102 carmine
738 3035 885 3123 positum
900 3048 955 3100 est
974 3059 1037 3124 pro
1060 3051 1137 3102 tam«
1158 3037 1243 3102 Fert.
1261 3058 1294 3121 p.
1314 3039 1385 3111 360,

322 3150 357 3202 ut
378 3165 460 3206 cume
483 3162 502 3202 e
521 3143 639 3204 Saliari
657 3145 787 3204 carmine
809 3138 909 3206 affert
930 3140 1054 3203 Terent
1075 3139 1185 3204 Scaur.
1213 3140 1268 3202 Fr.
1280 3137 1343 3200 No.
1355 3142 1385 3200 9.
1496 3173 1498 3178 ·

322 3241 384 3305 Hic
411 3241 506 3326 igitur
533 3241 573 3306 de
601 3246 702 3310 eodem
729 3240 874 3306 carmine
900 3264 1090 3307 sermonem
1118 3263 1187 3305 esse
1214 3239 1385 3335 viditdos.

320 3342 472 3430 Scaliger.
567 3403 571 3407 .

404 3449 592 3513 „Tintinnr‘re
613 3445 700 3510 Non.
723 3445 824 3518 Marc.
843 3451 938 3531 pltt.
953 3451 1000 3510 13.
1033 3444 1182 3530 Nigidius
1194 3443 1248 3507 lib.
1260 3443 1385 3507 xvtlt.

320 3548 465 3636 »ltaque
478 3572 517 3612 ex
538 3574 610 3614 aare
631 3547 664 3612 in
686 3547 862 3613 Saliaribus
890 3546 1036 3611 Albanus
1062 3546 1241 3611 tintinnat«
1287 3544 1386 3609 Alba·

320 3673 381 3714 nus
403 3651 593 3733 (scsalius)
614 3672 676 3735 pro
698 3649 836 3713 Altanus
857 3671 933 3712 cum
945 3648 1385 3737 LipsioLib.V.Ant.Lect.

320 3760 469 3839 cap-ll.
496 3764 583 3817 recte
609 3751 784 3836 legendum
813 3772 881 3817 esse
910 3763 1020 3831 censet
1048 3751 1149 3816 Gutb.
1170 3772 1205 3836 p.
1230 3755 1299 3814 100.
1326 3746 1382 3812 Cf.

319 3856 403 3919 Fest.
425 3876 458 3940 p.
470 3860 541 3920 365.
553 3877 582 3917 v.
595 3853 780 3920 tintinnare.
804 3850 963 3919 Ceterum
985 3854 1196 3933 conjunctum
1217 3850 1316 3917 suisse
1331 3849 1385 3939 'vi-
1439 3897 1442 3902 .

319 3956 415 4021 detur
432 3959 464 4020 in
481 3955 594 4021 Saliari
611 3954 755 4029 carmine
770 3979 895 4020 aarum
911 3960 1063 4032 tintinant,
1084 3965 1120 4018 ut
1136 3952 1223 4040 apud
1235 3951 1384 4017 Nonium

320 4083 390 4122 aere
412 4062 554 4123 tintt‘nnat
576 4058 595 4122 i.
617 4082 645 4120 e.
667 4062 778 4121 ancilia
799 4057 983 4122 resonantia
1005 4055 1112 4142 pulsat
1133 4056 1174 4119 cf.
1196 4079 1226 4119 v.
1249 4079 1383 4131 aeroma,
1485 4091 1488 4096 ·

321 4158 440 4224 Catull.
463 4161 563 4246 epigr.
585 4165 634 4226 52.

405 4262 516 4340 Tonas,
537 4260 579 4326 cl.
602 4261 656 4325 Fr.
678 4259 720 4324 N.
741 4267 770 4325 0.
1157 4358 1173 4415 7
