3400 5042
828 514 878 589 49

321 701 353 755 et
378 689 621 778 antiquissimae
654 692 784 779 linguae
816 693 959 779 speciem
984 713 1064 779 prae
1091 714 1126 756 se
1152 693 1254 773 lerre,
1291 704 1325 758 et
1350 694 1384 759 in

321 793 481 858 rationem
514 807 763 859 axamentorum
801 819 898 883 supra
931 793 1161 859 adumbratam
1193 796 1310 860 cadere
1341 798 1382 861 ab

321 895 426 982 aliqua
453 908 546 983 parte
572 897 743 962 videantur
757 905 806 978 ⁹⁹).
861 900 993 962 Praeter
1022 895 1110 960 hunc
1135 897 1266 962 Aelium
1293 899 1383 987 quod

323 996 482 1084 Bergkins
504 1001 642 1081 conjecit
663 1002 759 1064 etiam
782 998 949 1065 Cloatium
977 1011 1009 1064 et
1034 999 1205 1064 Aurelium
1233 999 1384 1088 Opilium

320 1102 549 1186 grammaticos
581 1102 824 1166 commentariis
842 1101 1031 1167 ,illustrasse
1064 1102 1201 1167 obscura
1232 1103 1284 1167 illa
1317 1127 1385 1168 car·

321 1203 419 1282 mina,
440 1226 508 1268 non
530 1203 638 1270 inveni
661 1203 815 1292 equidem
837 1215 1043 1292 argumenta,
1074 1204 1193 1293 quibus
1220 1217 1385 1292 separatos

322 1303 424 1369 libros
447 1327 486 1370 eo
508 1306 643 1372 nomine
660 1306 833 1394 inscriptos
852 1308 892 1372 ab
910 1307 948 1372 iis
965 1306 1069 1371 editos
1080 1330 1149 1372 esse
1160 1307 1385 1374 demonstrare

321 1428 468 1494 possem;
490 1418 522 1472 at
533 1407 658 1474 ratione
675 1407 785 1475 habita
797 1410 958 1489 locorum,
974 1408 1029 1473 ubi
1043 1421 1098 1474 aut
1109 1420 1246 1499 uterque
1258 1434 1384 1491 eorum,

321 1520 376 1573 aut
397 1509 551 1574 alteruter
571 1534 634 1576 una
657 1535 731 1576 curn
755 1512 791 1576 L.
807 1511 902 1577 Aelio
924 1511 957 1575 in
978 1534 1146 1577 sacrorum
1167 1513 1385 1600 auguralium·

321 1633 385 1698 que
407 1611 584 1676 verborum
606 1613 928 1700 interpretationibus
949 1614 1213 1701 appellatur¹⁰⁰),
1240 1627 1273 1680 et
1293 1638 1384 1681 com·

320 1715 440 1799 paratis
461 1714 576 1800 glossis
599 1715 809 1803 quibusdam,
831 1716 886 1780 ubi
908 1729 964 1780 ant
984 1728 1133 1806 uterque,
1154 1728 1210 1781 ant
1230 1716 1384 1782 alteruter

320 1815 621 1904 sineAelio-legitnr
634 1822 694 1897 ¹⁰¹),
715 1817 851 1904 planum
862 1817 898 1882 fit
919 1817 1020 1883 hosce
1041 1819 1271 1906 grammaticos
1282 1819 1383 1885 libros

321 1917 562 2006 qualescunque
584 1919 625 1984 de
646 1920 744 1984 rebus
766 1919 864 1985 sacris
886 1921 1124 2008 composuisse,
1145 1920 1263 2008 quibus
1284 1922 1383 1986 verba

322 2020 455 2086 Saliaria
483 2021 604 2086 utalia
636 2023 752 2110 scripta
785 2022 952 2110 religionis
982 2035 1199 2089 monumenta
1232 2021 1384 2112 compre·

320 2121 512 2188 henderent.

403 2226 456 2290 Ad
477 2225 559 2290 haec
581 2249 658 2290 vero
681 2225 741 2290 alia
763 2225 887 2291 accedit
905 2227 999 2296 ratio.
1042 2226 1129 2291 Nam
1151 2237 1185 2291 et
1210 2226 1290 2291 Jutii
1319 2224 1384 2293 Ca-

320 2328 447 2416 pitolini
474 2329 548 2394 loco
563 2333 614 2408 ¹⁰²)
641 2328 776 2416 et'ipsis
804 2341 1054 2394 axamentorum
1082 2329 1227 2395 versibus
1252 2329 1383 2416 integris

319 2431 533 2518 conspicitur,
564 2430 746 2518 compluria
774 2430 926 2495 habuisse
948 2432 1053 2496 Salios
1079 2431 1224 2497 carmina
1247 2455 1383 2519 augura-

319 2533 435 2612 tionis,
456 2556 540 2620 quae
561 2531 631 2597 lieri
653 2557 721 2598 non
743 2544 882 2620 poterat,
904 2533 983 2621 quin
1005 2535 1039 2599 in
1056 2534 1154 2600 sacris
1165 2556 1282 2598 eorum
1291 2533 1383 2598 libris

319 2636 499 2723 perscripta
522 2647 637 2700 essent.
680 2637 740 2701 Est
762 2648 872 2700 autern
900 2637 988 2723 apud
1014 2638 1149 2702 Festum
1171 2659 1203 2723 p.
1219 2641 1281 2703 270
1301 2635 1384 2700 baec

320 2737 425 2823 glossa
457 2738 592 2825 scripta:
637 2739 862 2802 »Frumentum
894 2739 927 2802 in
962 2739 1169 2826 auguralibus
1205 2737 1383 2828 significare

319 2839 447 2906 videtur
467 2839 660 2927 interruptio
682 2841 896 2927 abruptiove:
927 2841 1008 2904 dum
1030 2842 1128 2906 verba
1155 2846 1302 2907 ancilibus
1321 2869 1384 2907 mo-

321 2947 422 3008 vendis
442 2943 555 3030 praeit,
577 2943 602 3006 si
625 2941 757 3008 interim
774 2943 840 3008 avis
853 2944 975 3009 canerit
986 2944 1137 3023 (sinistra,
1158 2944 1384 3026 obnunciat)o,

322 3118 527 3132 -..-..-..-,.

353 3220 390 3292 ⁹⁹)
426 3224 488 3278 Hoc
506 3221 717 3279 animadvertere
737 3222 799 3279 licet
817 3225 846 3278 in
856 3224 965 3296 glossis:
984 3224 1383 3297 Manias.p.1ts.M0nsrrum.

421 3333 448 3384 p.
472 3312 529 3367 138.
574 3311 765 3367 Nusciciosum.
792 3333 818 3385 p.
848 3314 907 3367 173.
959 3313 1097 3368 Obstitum
1122 3333 1147 3385 p.
1170 3311 1228 3368 193.
1273 3316 1384 3370 Refrivs

422 3400 485 3455 saba
501 3422 526 3473 p.
543 3401 603 3454 277.
639 3399 722 3454 Salias
746 3400 871 3472 virgines.
893 3421 920 3473 p.
945 3402 1003 3455 141.
1025 3401 1128 3456 collatis
1150 3400 1208 3455 aliis
1227 3404 1384 3475 quibusdam

421 3489 478 3545 ubi:
495 3489 606 3544 verbum
616 3488 718 3543 Saliare
737 3485 886 3560 appositum
902 3501 956 3545 est:
974 3491 1097 3544 Manuos.
1110 3509 1137 3561 p.
1146 3488 1204 3543 146.
1222 3491 1382 3547 Molucrum.

420 3597 447 3649 p.
466 3577 524 3630 141.
552 3577 686 3631 Pennatns
710 3576 929 3650 impennatasqne
951 3596 1031 3648 aguas
1056 3596 1082 3648 p.
1099 3576 1264 3632 nlo-tn.
1290 3580 1383 3637 Pescia
1469 3593 1491 3648 “j

420 3684 445 3738 p.
463 3666 523 3718 210.
558 3708 561 3712 .

354 3749 402 3822 ¹⁰⁰)
420 3754 545 3811 Manuos.
563 3774 588 3826 p.
609 3753 659 3807 146
677 3773 736 3808 curn
753 3765 810 3808 not.
828 3752 926 3810 Muell.
945 3752 1099 3808 Molucrum
1115 3772 1142 3824 p.
1160 3753 1220 3808 141.
1245 3755 1383 3813 ancicio-

422 3840 606 3914 sum.'p.173.
632 3839 771 3895 Obstitum
788 3861 814 3913 p.
832 3840 892 3896 193.
921 3841 1090 3896 Subuculnm.
1107 3861 1133 3913 p.
1150 3841 1210 3896 399.

354 3925 401 3998 ¹⁰¹)
420 3932 543 3984 Manues.
561 3947 588 3998 p,
607 3927 656 3982 147
676 3926 724 3997 (cl.
743 3948 769 3982 v.
787 3925 918 3996 Manuos)
938 3929 1033 3984 Tssca.
1051 3949 1077 4001 p.
1095 3928 1154 3983 3⁶6.

353 4014 401 4086 m)
418 4016 473 4072 Jnl.
493 4015 581 4089 Capit.
601 4015 649 4072 rit.
667 4016 799 4072 Antonin.
817 4015 883 4088 phil.
902 4017 946 4070 41.
967 4016 1031 4070 Fuit
1054 4016 1124 4072 enirn
1143 4013 1336 4086 (Antoninus)
1352 4018 1383 4073 in

422 4125 454 4160 eo
473 4104 624 4160 sacerdotio
647 4101 783 4173 (Saliari)
809 4116 836 4158 et
853 4102 965 4159 Prassnl
982 4116 1009 4159 et
1031 4102 1113 4160 Vates
1137 4115 1164 4158 et
1186 4103 1330 4176 Magister,
1356 4117 1384 4161 et

394 4181 397 4188 ¹
421 4192 520 4248 multos
539 4191 707 4264 inauguravit
724 4204 751 4248 at
770 4193 941 4265 exauguravit
957 4191 1067 4248 nemine
1084 4203 1228 4264 preeunte,
1245 4193 1383 4267 quodipat

421 4280 539 4336 carmina
556 4291 652 4337 cuneta
669 4275 812 4337 didicisset.

1150 4376 1170 4433 4
