3400 5042
830 549 904 622 174

335 727 480 792 Ennium
503 746 581 788 vero
605 723 727 786 utinam
750 747 790 787 ne
813 737 929 788 testem
947 726 1145 790 adhibuisset
1160 727 1307 809 honoris,
1329 753 1397 818 quo

335 831 466 895 lloreret
488 825 655 913 quondam
678 827 843 912 popularis
866 829 1094 892 Romanorum
1118 831 1242 915 poesis,
1273 833 1398 920 quippe

337 956 436 1021 quem
459 930 545 992 idem
568 928 794 1014 gravissimum
817 931 886 1006 ejus
899 930 1118 1024 adversarium
1131 945 1267 1017 putaret.
1301 935 1399 998 Prae-

335 1048 438 1109 terea,
473 1031 598 1093 etiamsi
622 1031 746 1094 Ennius
769 1044 800 1093 et
822 1032 964 1097 Naevius
986 1032 1229 1098 honoratissimi
1259 1035 1399 1100 luissent

335 1136 421 1224 apud
435 1133 568 1208 nobiles,
583 1130 647 1195 hoc
659 1145 851 1216 argumento
865 1135 1000 1199 minime
1012 1135 1264 1214 demonstratur,
1275 1135 1395 1201 eodem

335 1237 481 1303 floruisse
502 1234 617 1321 poesin
639 1234 725 1320 apud
749 1235 935 1300 universum
957 1237 1128 1323 populum.

420 1335 628 1423 Quinetiam
651 1359 753 1423 quum
782 1339 908 1402 Romae
937 1340 1122 1403 fabularum
1150 1354 1276 1407 actores
1303 1343 1397 1428 igno-

334 1443 433 1507 minia
456 1438 597 1527 quadam
620 1437 728 1502 allecti
751 1451 868 1517 essent,
889 1439 958 1504 lieri
973 1465 1037 1505 non
1051 1443 1164 1528 potuit,
1186 1444 1265 1531 quin
1276 1443 1396 1508 abhinc

333 1546 430 1611 etiam
453 1540 578 1605 macula
602 1539 762 1626 quaedam
784 1553 956 1628 poetarum
976 1543 1103 1608 nomini
1121 1544 1314 1622 inhaereret,
1337 1547 1393 1633 qui

333 1647 394 1734 ipsi
417 1643 530 1732 primis
552 1641 754 1727 temporibus
778 1655 886 1707 essent
907 1669 1036 1709 suarum
1055 1644 1241 1710 fabularum
1258 1658 1395 1712 actores.

333 1750 503 1812 Praeterea
527 1744 616 1830 quod
639 1743 838 1808 Niebuhrius
861 1770 879 1809 e
901 1769 1075 1810 censorum
1097 1748 1275 1813 interdictis
1296 1760 1395 1836 atque

333 1846 617 1915 senatusconsultis
653 1847 693 1909 ad
726 1847 985 1932 spectaculorum
1020 1848 1131 1912 luxum
1170 1848 1395 1915 cohibendum

333 1949 546 2039 promulgatis
568 1948 720 2028 coniecit,
740 1969 885 2034 pronum
908 1948 1005 2013 luisse
1027 1949 1068 2013 ad
1090 1951 1204 2036 poesin
1227 1951 1395 2038 ingenium

334 2055 579 2127 Romanorum,
621 2060 800 2137 poetasque
832 2051 898 2130 jam
931 2061 1004 2114 ante
1038 2052 1183 2116 Ennium
1215 2052 1396 2117 honoratos

332 2155 445 2231 fuisse,
478 2152 693 2216 fundamento
716 2174 825 2215 carere
847 2151 983 2216 videtur.
1026 2154 1113 2218 Nam
1135 2153 1297 2241 primum,
1324 2177 1393 2242 quo

332 2269 483 2342 tempore
505 2277 568 2318 una
591 2277 666 2316 cum
689 2253 787 2317 literis
810 2252 944 2317 Graecis
967 2254 1063 2318 etiam
1086 2255 1210 2320 luxuria
1230 2255 1262 2320 in
1275 2256 1394 2320 urbem

334 2360 477 2444 irrepere
500 2357 617 2442 coepit,
638 2354 789 2418 homines
812 2354 853 2418 de
874 2355 1097 2442 plebeeludis
1110 2357 1204 2422 Oscis
1227 2357 1395 2444 spectandi

333 2459 513 2547 agendique
544 2481 596 2521 res
628 2455 777 2520 ridiculas
810 2457 1013 2544 voluptatem
1045 2461 1287 2546 quaesiverunt,
1324 2481 1395 2524 non

333 2561 481 2626 sublimis
504 2561 610 2648 poesis
631 2556 728 2622 insito
746 2570 842 2645 atque
859 2559 970 2623 innato
987 2560 1110 2647 impetu
1122 2560 1294 2649 studioque
1306 2561 1394 2626 ducti

332 2675 418 2740 sunt;
460 2662 494 2725 id
522 2660 611 2748 quod
643 2658 803 2746 colligitur
829 2684 868 2725 ex
894 2661 931 2724 iis
958 2684 1041 2749 quae
1069 2685 1165 2750 supra
1194 2663 1235 2728 de
1263 2662 1395 2729 ludicris

332 2765 530 2831 carminibus
552 2774 584 2826 et
605 2761 646 2826 de
669 2761 825 2825 Atellanis
847 2762 1016 2828 observata
1039 2776 1123 2828 sunt.
1155 2764 1284 2830 Deinde
1306 2763 1395 2831 Cen·

332 2891 422 2932 sores
443 2864 638 2951 reipublicae
662 2864 850 2928 utilitatibus
869 2865 1076 2929 consulentes
1094 2867 1394 2955 detrimentumque

331 2969 474 3033 luxuriae
497 2978 529 3030 et
551 2966 707 3030 delicatae
729 2967 812 3028 vitae
835 2989 852 3028 a
876 2965 1012 3032 Graecia
1033 2968 1195 3055 gliscentis
1217 2969 1251 3032 in
1273 2969 1392 3033 urbem

331 3082 504 3158 poetarum
530 3068 729 3148 jucunditate
756 3091 813 3131 seu
841 3069 976 3133 utilitate
1003 3093 1070 3134 non
1098 3071 1305 3157 compensari
1332 3092 1394 3157 pu-

329 3183 444 3251 tantes,
466 3183 502 3234 ut
522 3170 562 3234 ab
585 3169 637 3234 illa
659 3169 820 3257 populum
843 3171 1027 3248 retinerent,
1055 3173 1222 3236 interdicta
1244 3174 1394 3258 promul-

330 3274 463 3361 gabant,
494 3271 634 3359 ideoque
662 3272 759 3335 etiam
787 3271 924 3336 minime
951 3285 1075 3359 gratam
1098 3273 1139 3338 de
1160 3274 1265 3360 poetis
1292 3275 1392 3361 vulgo

330 3375 522 3463 opinionem
552 3372 747 3437 confirmare
776 3385 807 3437 et
832 3374 867 3437 in
894 3376 987 3461 pejus
1009 3374 1180 3440 detrahere
1209 3375 1392 3442 studebant.

330 3477 462 3541 Etenim
485 3487 535 3539 est
555 3475 619 3540 hoc
642 3475 725 3539 bene
748 3476 989 3541 observandum
1011 3500 1048 3540 ac
1069 3477 1265 3555 tenendum,
1294 3502 1312 3542 a
1333 3501 1395 3544 no·

329 3579 448 3642 bilibus
470 3578 615 3664 primum
639 3589 711 3641 uta
736 3578 829 3641 Livio
853 3579 1050 3656 Salinatore,
1073 3578 1295 3665 Scipionibus,
1316 3581 1395 3646 Ful-

330 3682 387 3745 viis
410 3693 493 3745 artes
516 3702 692 3766 moresque
715 3679 861 3744 Graecos
882 3680 1055 3768 adoptatos
1078 3704 1161 3759 esse,
1184 3705 1287 3768 quum
1309 3684 1380 3748 mul

327 3783 432 3848 titudo
456 3783 487 3846 in
509 3780 648 3868 antiquis
676 3781 844 3846 haereret.'
879 3783 972 3867 Quae
1000 3783 1025 3845 si
1052 3794 1119 3846 tam
1147 3806 1250 3870 prona
1279 3784 1395 3852 suisset

327 3884 368 3948 ad
381 3884 506 3949 Graeca
530 3882 717 3968 excipienda
736 3907 894 3971 suamque
913 3884 1048 3972 patriam
1066 3885 1180 3970 poesin
1200 3884 1396 3952 obliviscen-

327 3987 413 4063 dam,
435 3989 488 4074 qui
506 3985 596 4072 queri
612 3985 763 4049 Horatius
782 3998 904 4072 posset,
925 3986 1096 4072 populum,
1118 3985 1176 4049 nisi
1195 4009 1278 4074 quae
1294 4010 1311 4051 a
1325 3991 1394 4054 suis

326 4089 528 4175 temporibus
551 4091 611 4150 hoc
633 4086 665 4149 in
687 4108 805 4172 genere
828 4099 952 4151 semota
975 4098 1113 4172 putaret,
1135 4086 1240 4151 odisse
1256 4095 1306 4166 ⁸⁸).

371 4322 408 4394 ⁸⁶>
426 4323 494 4377 Hor.
513 4323 583 4401 Epp.
602 4323 636 4389 ll,
657 4325 680 4394 l,
697 4323 740 4378 2⁰.
