3400 5042
822 500 872 574 ⁹6

399 686 429 742 4.
470 680 574 741 Lz'inan
598 682 656 741 sal.
699 675 1008 767 lntaspratau'onem
1040 695 1171 751 sorum,
1202 671 1258 759 qui
1291 679 1387 761 basan

318 778 381 847 sali
400 780 561 867 explicant
577 784 655 864 pede
670 784 761 864 pulsa
782 783 870 841 limen
891 783 1002 862 templi,
1022 775 1114 841 nullo
1136 774 1239 868 modo
1261 766 1385 855 sanum

318 884 477 972 praebere
499 880 649 948 carminis
671 903 856 945 connexum
877 881 944 961 jam
965 901 1062 966 supra
1083 877 1235 946 vidimus.
1268 867 1387 973 Qualis

318 1010 395 1050 vero
418 984 491 1049 ficta
518 983 558 1047 ait
578 995 701 1048 temere
723 983 803 1046 haec
830 983 1005 1060 sententia,
1031 979 1159 1045 nullum
1183 978 1386 1066 praeclarius

318 1086 454 1152 inveniri
465 1081 1386 1173 potesttestimonium‚quamipsatsbulaevarbacarm'en

319 1191 459 1279 fratrum
480 1187 724 1275 praecedentia:
757 1186 968 1253 „Sacerdotes
980 1189 1089 1268 janus's
1110 1190 1217 1263 clusis,
1241 1184 1386 1273 acceptis

318 1290 434 1354 libellis
467 1295 691 1373 tripudiaverunt
718 1291 750 1355 in
780 1295 870 1354 verbu
901 1294 1014 1354 ham:
1046 1287 1078 1351 Ε
1097 1310 1159 1351 nos
1186 1321 1224 1338 ··
1252 1299 1312 1353 etc.
1329 1287 1384 1370 ¹⁸).

318 1395 384 1458 Aut
405 1391 508 1456 insani
530 1391 681 1470 fuissent,
712 1404 768 1455 aut
793 1392 915 1456 nefarie
940 1391 1091 1455 lusissent
1121 1383 1332 1468 sacerdotes'‚‘
1353 1390 1383 1468 si

309 1498 417 1577 januis
438 1499 550 1557 clausis
561 1494 712 1572 Martem,
734 1504 770 1557 ut
780 1493 915 1558 intraret
927 1493 960 1556 in
971 1491 1143 1579 templum,
1164 1495 1381 1567 invocassent.

320 1590 550 1682 Quamobrem
582 1618 649 1660 non
679 1607 728 1660 est
754 1595 906 1675 dubium,
939 1597 1018 1683 quin
1050 1599 1139 1659 lunen
1158 1591 1199 1657 sit
1224 1595 1321 1655 lumen
1342 1594 1385 1653 'ut

319 1699 439 1783 Elisius
471 1697 603 1762 Elucius
631 1719 693 1784 pro
720 1696 897 1763 fluctuante
928 1697 1092 1762 vocalium
1114 1696 1123 1758 i
1146 1694 1182 1759 εἴ
1199 1693 1221 1756 u
1239 1703 1282 1779 ‘l
1305 1690 1384 1756 scri·

318 1800 431 1886 ptione
464 1810 496 1863 et
526 1821 608 1863 sono
646 1800 733 1887 apud
769 1801 894 1886 priscos
930 1801 1065 1864 Latinos
1098 1792 1274 1879 (Schneid.
1302 1785 1383 1876 Lat,

320 1900 470 1967 Gramsn.
487 1923 518 1987 p.
533 1906 594 1979 18).
627 1902 713 1966 Hinc
734 1925 812 1966 vero
835 1902 990 1990 sequitur,
1012 1901 1109 1966 stiam
1130 1903 1183 1964 sal
1200 1919 1276 1962 cum
1296 1895 1385 1988 ¹Lan·

202 2015 204 2018 ’
319 2003 370 2067 aio
394 2014 426 2067 et
447 2002 664 2068 Grotesendio
694 2027 763 2069 asse
790 2003 1074 2090 interpretandum
1094 2003 1206 2091 saw).
1246 1999 1294 2085 Et
1312 1996 1384 2084 qui-

320 2107 397 2170 dam
419 2105 518 2169 verba
540 2111 643 2184 lz'inen,
676 2106 814 2171 salsina
843 2105 1072 2187 conjunctione
1093 2103 1199 2190 posita
1219 2108 1315 2178 sunt,
1349 2097 1382 2162 id

320 2206 410 2295 quod
439 2207 576 2271 omnino
605 2230 681 2271 cum
709 2207 843 2294 antiquo
880 2206 1007 2272 dicendi
1035 2219 1154 2293 genere·
1173 2203 1215 2268 'in
1242 2189 1383 2288 antiquis

319 2308 637 2394 comprecationibus
659 2309 989 2396 inscriptionibnsque
1011 2307 1188 2394 conspicuo
1206 2302 1382 2369 convenire

319 2421 454 2488 constat,
476 2433 536 2474 nec
556 2409 655 2477 refert
676 2421 784 2475 utrum
803 2416 901 2476 lumen
916 2417 1002 2489 solis,
1023 2432 1140 2497 anper
1160 2394 1198 2466 ἓν
1210 2391 1270 2464 διὰ
1284 2389 1384 2462 δυοῖν

321 2519 418 2576 lumen
440 2527 469 2577 et
491 2517 584 2577 solem
606 2523 717 2577 nostro
740 2513 813 2577 loco
835 2513 1012 2597 intelligere
1035 2511 1123 2576 velis.
1245 2514 1250 2520 '

403 2621 432 2680 5.
473 2618 554 2680 Esta
575 2615 703 2679 barber.
746 2615 842 2679 initio
865 2613 1120 2702 quarti-tabulae
1145 2633 1258 2678 versus
1282 2599 1383 2672 litaris

318 2717 411 2781 rectis
432 2738 470 2780 ac
495 2716 580 2780 bena
608 2715 764 2780 distinctis
796 2717 963 2803 scriptum'
986 2715 1125 2802 legimus
1157 2700 1258 2790 esta)
1279 2709 1381 2775 altaro

319 2830 431 2882 contra
454 2828 487 2882 et
507 2817 603 2882 tertio
626 2817 699 2882 loco
727 2841 788 2904 per
814 2818 928 2882 vitium
956 2816 1080 2906 opificis
1107 2816 1309 2903 negligenter
1335 2811 1383 2875 in·

319 2919 480 3006 scalptum
503 2917 577 2984 Ilsta
598 2931 630 2984 et
658 2925 734 3000 isias
766 2919 853 2984 unde
880 2916 1151 3011 apparet-primis
1179 2918 1254 2981 loco
1280 2913 1383 3002 pluri-

318 3044 412 3084 mum
443 3021 519 3086 fidei
548 3044 627 3085 esse.
651 3077 654 3084 .
678 3023 876 3109 lntarpretes
909 3035 1022 3088 contra
1051 3045 1167 3086 omnes
1200 3037 1304 3107 quum
1328 3031 1380 3082 sta

317 3123 455 3187 verbum
477 3145 591 3211 perse
612 3123 802 3203 statuerint,.
826 3136 859 3189 et
879 3124 1006 3190 literam
1027 3131 1040 3188 i
1058 3123 1218 3210 pessimae
1239 3117 1315 3184 fidei
1337 3117 1378 3183 ad

318 3224 516 3310 praecedens
537 3226 676 3290 verbum
698 3212 941 3314 assumpserint,
962 3238 1018 3290 aut
1039 3221 1302 3290 de‘solis'noxio
1320 3219 1383 3313 sen-

318 3348 411 3404 vore‚
442 3338 497 3391 aut
519 3326 559 3392 de
581 3326 716 3392 introitu
738 3322 792 3392 dei
811 3330 843 3392 in
866 3329 1029 3414 templum
1049 3325 1116 3392 hoc
1136 3325 1212 3391 loco
1240 3323 1383 3410 cogitan-

317 3427 398 3492 dum
421 3440 571 3504 censant;
606 3452 745 3516 quarum
767 3442 903 3518 utraque
926 3431 1082 3495 sententia
1105 3451 1204 3516 qnam
1231 3413 1310 3491 salsa
1332 3423 1381 3501 ait,

317 3531 383 3610 iam
405 3553 502 3617 supra
536 3531 798 3596 demonstratum
833 3544 890 3598 est.
936 3534 1048 3621 ltaque
1081 3546 1149 3596 esta
1181 3528 1262 3593 nihil
1294 3524 1380 3592 aliud

317 3655 386 3697 essa
407 3633 535 3697 videtur
556 3636 659 3720 quam'
677 3650 744 3698 estu
766 3658 823 3700 seu
845 3649 942 3714 aestu,
964 3657 1067 3723 quum
1089 3645 1123 3698 at
1144 3633 1252 3696 forma
1268 3630 1379 3695 literae

317 3734 390 3797 ain
414 3733 521 3820 lapide
552 3734 608 3799 illo
634 3735 763 3801 formae
789 3761 812 3800 u
834 3737 998 3801 simillima
1025 3737 1081 3814 sit,
1114 3734 1240 3799 duabus
1266 3731 1381 3798 formis
1440 3752 1447 3762 ··

317 3851 421 3900 aestas
443 3848 475 3901 et
496 3852 599 3909 aestus
621 3838 737 3903 radicis
759 3854 806 3904 est
834 3839 1160 3930 antiquissimasane
1182 3836 1292 3925 lingua
1313 3857 1381 3899 non

363 4098 399 4169 ¹⁸>
419 4102 460 4156 cf.
478 4101 533 4156 sas.
551 4125 592 4178 sp.
611 4106 703 4161 narn
721 4105 756 4176 gn
773 4105 832 4160 stu
850 4103 868 4158 1.
886 4126 909 4160 ο.
926 4079 1012 4171 nnn
1029 4105 1106 4178 sugg.
1118 4102 1148 4179 J.
1164 4124 1192 4176 p.
1211 4103 1271 4184 ns.

361 4185 398 4255 ²⁰)
419 4188 611 4246 Grotal'endius
630 4191 676 4264 qui
693 4188 753 4247 salis
772 4191 836 4246 solis
855 4192 1042 4271 interpretatus
1060 4205 1113 4260 est,
1134 4198 1215 4252 unuin
1233 4210 1245 4246 a
1263 4187 1381 4251 inseruit,

419 4276 456 4330 ita
473 4287 503 4332 ut
520 4275 615 4336 fisrats
634 4275 754 4349 (lunen)
771 4278 835 4335 solis
853 4290 895 4336 sta
911 4277 938 4335 lt·
956 4299 980 4339 s.
998 4283 1071 4338 sista.
