3400 5042
838 518 913 608 '1²12

823 814 929 894 Vlll.

487 930 570 1069 uu
598 984 877 1069 clusimus
904 930 1246 1075 convivamus.
1286 924 1288 927 ⁵

982 1146 1059 1186 vtnute
1070 1147 1156 1195 muetos,
1169 1135 1223 1186 aiore
1236 1147 1319 1192 nstrum,
1333 1145 1392 1183 mres

861 1235 863 1238 ⁴
894 1248 897 1253 .
982 1215 1039 1266 astu
1051 1218 1133 1258 rsutxts
1147 1216 1300 1266 umusuut·
1392 1207 1394 1211 ’

981 1290 1082 1330 canemus.
1097 1307 1119 1315 ·-

1198 1359 1302 1398 uncus·

339 1535 342 1542 -
379 1546 382 1551 ,
403 1544 404 1547 ,
431 1490 477 1552 Ut
497 1511 588 1554 suam
611 1487 816 1559 desscarmine
837 1488 1169 1574 epicoRomanorum
1186 1487 1341 1575 continuo
1354 1485 1406 1550 fir·
1513 1560 1515 1564 7

340 1603 455 1656 maret
479 1591 689 1666 sententiam,
713 1589 939 1668 Niebuhrius,
975 1602 1105 1677 praeter
1130 1589 1301 1655 interiores
1326 1613 1406 1677 quas

350 1693 624 1768 alienationes,
658 1691 699 1755 iis
714 1692 918 1774 potissimum
940 1694 1136 1779 scriptorum
1159 1693 1238 1756 locis
1260 1715 1335 1756 usus
1358 1706 1406 1756 est

351 1808 385 1858 ut
407 1795 619 1881 argumentis,
651 1794 768 1880 quibus
791 1793 1055 1861 moremsuisse.
1071 1795 1240 1881 antiquum
1268 1795 1404 1880 canendi

350 1901 383 1962 in
407 1897 508 1984 epulis
530 1897 617 1983 apud
640 1897 809 1972 Romanos
835 1896 988 1960 traditum
1019 1908 1067 1960 est
1081 1902 1113 1976 ¹).
1156 1898 1239 1978 Sunt
1267 1920 1344 1963 vero
1371 1897 1404 1960 lsi

351 2001 417 2064 sere
440 1999 511 2064 loci.
556 1999 702 2063 Primum
727 1996 845 2062 Cicero
867 1998 900 2061 in
928 2000 1030 2062 Bruto
1043 2003 1089 2078 ²):
1121 2003 1248 2086 „Atque
1270 1999 1404 2075 utinam,

351 2103 467 2188 inquit,
500 2112 661 2165 exstarent
682 2099 734 2166 illa
757 2100 915 2174 carmina,
948 2122 1030 2187 quiae
1057 2099 1167 2164 multis
1195 2101 1308 2164 seculis
1330 2112 1404 2164 ante

349 2268 561 2279 ——n-n

451 2369 515 2423 143:
545 2369 662 2422 »Naeuia
680 2356 798 2442 irreptum
817 2381 843 2422 et
861 2367 1026 2424 inconditum
1050 2375 1170 2432 carmen,
1197 2367 1268 2440 quod
1292 2367 1405 2422 adducta

451 2457 540 2527 pretio
559 2456 658 2518 mulier.
677 2477 744 2528 quae
761 2449 875 2528 praefica
892 2457 1032 2519 diceretur,
1050 2456 1081 2510 iis
1090 2457 1184 2528 quibus
1193 2455 1338 2529 propinqui
1347 2477 1405 2510 non

452 2557 540 2599 essent
557 2545 667 2599 mortuis
690 2540 854 2601 exhiberes«
893 2545 935 2599 Cs.
952 2544 1069 2600 Naevius
1085 2565 1125 2617 ap.
1143 2545 1215 2599 Fest.
1232 2567 1258 2598 v.
1276 2545 1405 2618 praebeas

450 2654 476 2705 p.
493 2634 560 2687 223:
588 2634 663 2688 Haec
683 2632 789 2706 quidem
807 2635 971 2696 mehercule,
996 2633 1106 2706 opinor,
1129 2633 1242 2706 praefice
1260 2647 1313 2698 est.
1338 2657 1405 2707 quse

453 2723 492 2774 sic
512 2735 642 2793 mortuum
666 2721 806 2776 collaudat.
843 2721 885 2776 Cf.
909 2722 982 2778 Gell.
1006 2721 1300 2793 N.VA.XV111..7,³.
1335 2723 1404 2777 Hor.

453 2809 539 2863 Carm.
550 2810 583 2872 ll,
591 2811 633 2863 20.
653 2809 891 2884 Grammaticorum
901 2809 975 2872 locis.
995 2810 1089 2882 quibus
1099 2809 1133 2863 de
1142 2809 1243 2863 nae'niis
1253 2809 1406 2876 cantilenis-

452 2919 503 2971 que
521 2897 617 2952 vilibus
636 2897 715 2970 vulgo
733 2899 834 2968 jactatis
854 2899 979 2963 referunt,
998 2899 1080 2952 fretus
1098 2897 1232 2953 Streuber.
1252 2897 1269 2951 l.
1288 2889 1310 2953 c.
1328 2921 1354 2972 p.
1373 2901 1406 2953 lo

452 2999 663 3056 argumentatur:
682 2973 798 3051 naenias,
816 2985 910 3059 quibus
919 2985 1065 3059 antiquitus
1080 2975 1201 3041 mortuos
1210 2987 1406 3060 prosecutisint

451 3074 573 3136 Romani,
591 3073 654 3128 vilia
671 3074 797 3147 quaedam
816 3074 933 3129 carmine
949 3076 1027 3129 luisse
1045 3093 1059 3128 a·
1078 3072 1236 3129 mulierculis
1253 3074 1405 3148 vulgaribus

453 3164 531 3218 dicta.
568 3164 604 3216 At
622 3184 655 3217 ex
672 3161 702 3216 iis
722 3183 788 3236 quae
806 3183 885 3234 supra
903 3163 938 3218 de
960 3163 1017 3232 lege
1038 3163 1090 3217 Xll
1114 3163 1275 3225 tabularum.
1301 3163 1335 3218 de
1353 3166 1406 3218 Au-

453 3253 520 3324 gusti
538 3255 645 3314 lunere.
673 3251 707 3306 de
726 3251 828 3307 Naeuia
849 3251 915 3318 dea,
942 3251 976 3306 de
999 3250 1169 3324 practicarum
1193 3252 1404 3307 adhibendorum

452 3339 598 3414 posteriore
618 3340 721 3395 demum
740 3360 826 3404 more,
854 3340 887 3394 de
905 3338 1102 3395 laudationibus
1120 3340 1271 3400 dictasunt
1287 3353 1405 3415 apparet,

368 3484 370 3488 Α
453 3430 623 3485 Streuberum
645 3428 723 3482 vilem
746 3429 854 3483 abusum
875 3426 1031 3502 posterioris
1052 3427 1224 3506 aetatiscum
1251 3428 1404 3484 honorifico

454 3539 499 3571 usu
516 3518 617 3590 priscae
634 3517 769 3571 vetustatis
788 3516 965 3572 confundere.
982 3583 984 3588 Ι
1006 3516 1096 3590 ltaque
1118 3517 1213 3571 frustra
1230 3516 1405 3590 reprehendit

453 3605 640 3668 Niebuhrium,
662 3605 735 3676 quod
753 3601 861 3659 naenias
880 3603 1063 3660 convivalibus
1081 3603 1239 3670 carminibus
1258 3617 1286 3660 et
1303 3605 1406 3679 Scipio-

452 3715 515 3748 num
533 3692 615 3750 titulis
635 3692 787 3754 contulerit.
806 3706 833 3748 et
850 3706 950 3748 temere
960 3693 1058 3767 dicitp.
1069 3695 1117 3747 ll:
1135 3693 1188 3748 hoc
1198 3693 1242 3765 qui
1252 3692 1405 3766 probaverit

417 3833 419 3838 .
453 3782 477 3836 ci
495 3783 573 3836 etiam
590 3801 698 3836 carmen
716 3781 818 3855 epicum
836 3782 991 3836 continuum
1010 3802 1068 3836 curn
1086 3781 1133 3836 illo
1156 3781 1323 3836 statuendum
1341 3803 1404 3837 esse.

453 3869 622 3925 Contrarium
641 3883 698 3924 toto
716 3870 768 3923 hoc
787 3868 880 3924 libello
898 3870 1122 3924 demonstraturus
1139 3891 1202 3924 sum.

411 3955 434 4025 ¹)
453 3958 559 4012 Erravit
576 3959 687 4031 primum
712 3957 890 4020 Niebuhrius,
918 3956 989 4030 quod
1014 3958 1184 4013 Perizoniurn
1207 3960 1319 4036 primurn
1341 3960 1405 4013 Ani·

453 4045 583 4101 madrers.
606 4045 698 4100 histor.
721 4046 776 4109 l,6
798 4045 848 4100 bos
872 4045 947 4101 locos
970 4045 1110 4118 protulisse
1133 4047 1248 4118 putavit,
1274 4067 1331 4100 cum
1353 4049 1405 4116 jam

450 4148 554 4190 centum
573 4135 630 4190 lere
648 4135 806 4189 annitente
824 4135 898 4189 illum
917 4133 1024 4189 collecti
1031 4135 1204 4190 inveniantur
1213 4136 1242 4189 in
1251 4135 1404 4208 Corp.Aut.

453 4224 564 4278 Roman.
582 4222 686 4278 Rossin.
706 4222 748 4278 ed.
766 4222 908 4294 Dempster
926 4223 940 4276 b
959 4222 1079 4286 Murem,
1097 4223 1174 4278 15⁵8.
1192 4224 1239 4278 lib.
1259 4223 1293 4287 V,
1312 4225 1404 4296 pm.

348 4318 351 4323 '
408 4307 434 4381 ²)
452 4309 508 4366 Cic.
525 4309 556 4366 Β.
575 4331 596 4367 c.
615 4310 656 4364 ls.
