3400 5042
836 492 861 564 3

321 673 451 735 Tamen
469 669 575 742 lacere
597 692 664 733 non
686 670 894 756 potesttquin
916 667 1075 732 concedat
1084 669 1216 734 Blumio
1229 681 1262 734 et
1271 669 1375 734 Lach-

320 795 461 848 manno:
484 773 643 862 Dionysio
656 785 688 836 et
700 773 792 836 Livio
815 773 847 835 in
870 772 1047 836 scribendis
1067 771 1209 839 historiis
1231 774 1373 838 carmina

322 876 411 963 epira
434 876 468 940 in
489 889 646 963 promptu
669 899 737 939 non
759 875 874 954 luisse,
906 877 1054 962 quamvis
1081 876 1122 940 de
1146 875 1190 962 Q
1211 878 1319 942 Ennio
1342 878 1374 940 id

320 979 428 1066 ipsum
456 979 538 1044 mira
564 978 841 1067 argumentatione
870 1001 946 1043 usus
973 979 1271 1066 demonstarepro
1293 980 1374 1044 virili

319 1093 410 1167 parte
432 1081 567 1147 studeat.

401 1185 587 1251 Novissimo
600 1185 740 1272 denique
762 1197 912 1272 tempore
930 1185 1134 1250 Petersenius
1156 1187 1373 1274 disputatione

321 1287 361 1351 de
395 1288 574 1374 originibus
601 1287 753 1352 historiae
781 1289 950 1352 Romanae
983 1289 1068 1353 edita
1099 1301 1228 1354 tantum
1259 1291 1374 1354 iisdem

320 1391 515 1454 carminibus
537 1390 662 1468 tri-buit,
692 1402 730 1453 ut
756 1402 788 1454 et
810 1390 937 1454 Livium
965 1392 1118 1478 neglectis
1145 1393 1283 1479 publicis
1305 1392 1375 1457 lite-

319 1517 428 1558 rarum
450 1493 671 1570 monumentis
698 1492 779 1556 haec
812 1493 844 1556 in
878 1517 1010 1580 prosam
1031 1495 1214 1560 orationem
1240 1518 1375 1559 conver-

319 1597 394 1661 tisse
415 1596 611 1684 persuadere
634 1596 727 1661 nobis
750 1595 837 1674 velit,
861 1608 892 1660 et
914 1597 1019 1683 qualia
1041 1598 1219 1663 exstiterint
1240 1598 1281 1662 de
1292 1622 1375 1662 uno-

321 1723 455 1787 quoque
485 1723 616 1787 regum,
662 1699 828 1763 Elumium
858 1711 991 1767 secutus
1024 1699 1065 1764 de
1097 1700 1226 1764 minore
1259 1724 1374 1766 eorum

321 1803 461 1882 ambitu,
482 1801 827 1884 constituereaudeat.
872 1802 937 1886 Qui
959 1825 1035 1866 curn
1056 1814 1148 1867 caute
1170 1795 1374 1890 profiteatur:

321 1929 403 1993 quae
426 1928 493 1970 non
516 1931 532 1968 e
555 1905 753 1973 carminibus
776 1906 971 1992 deprompta
992 1906 1072 1985 sint,
1094 1929 1131 1970 ea
1142 1907 1373 1971 tantummodo

320 2011 353 2096 in
374 2007 513 2096 antiquis
535 2031 648 2094 regum
670 2009 914 2073 commentariis
935 2031 1140 2096 —quorurn
1151 2008 1283 2096 vestigia
1305 2010 1374 2095 ipse

319 2097 527 2198 persequitur
555 2148 598 2158 ·-
629 2111 777 2188 infuisse,
809 2123 877 2176 tota
907 2112 1183 2177 commentatione
1204 2135 1261 2176 sua
1292 2111 1374 2176 nihil

318 2214 406 2286 ¹aliud
433 2214 564 2292 calfecit,
598 2238 696 2301 quam
729 2215 819 2302 quod
846 2214 1047 2287 Niebuhrius
1074 2214 1191 2294 voluit,
1222 2237 1282 2278 nos
1313 2213 1374 2278 nisi

320 2316 468 2399 foedera,
490 2329 618 2381 senatus
641 2319 803 2397 consulta,
830 2318 931 2404 leges,
958 2317 1093 2382 nomina
1116 2317 1278 2406 quaedam
1300 2341 1375 2381 vera

320 2422 539 2505 statuerimus,
561 2420 684 2485 nullam
706 2444 839 2509 prorsus
862 2421 983 2485 habere
1005 2444 1117 2484 veram
1134 2423 1375 2507 genuinamque

320 2523 624 2609 antiquissimarum
639 2547 750 2588 rerum
772 2525 998 2597 Romanarum
1020 2523 1199 2588 historiam.

348 2693 350 2697 ,
404 2625 552 2690 Omnino
574 2650 652 2690 vero
676 2651 712 2696 ea
735 2627 803 2690 fere
816 2626 884 2690 sola
902 2639 1093 2714 argumenta
1106 2638 1182 2691 sunt
1197 2637 1280 2714 apta,
1292 2648 1375 2713 quae

322 2729 389 2815 ipse
413 2730 460 2795 vir
481 2729 663 2814 ingeniosus
675 2729 875 2798 Niebuhrius
897 2729 996 2794 affert
1016 2730 1058 2795 ad
1074 2753 1166 2797 suam
1182 2729 1375 2793 sententiam

322 2830 562 2895 defendendam
574 2858 580 2907 ;
604 2856 620 2896 a
644 2833 759 2899 ceteris
782 2855 865 2920 quae
878 2833 1043 2896 adduntur
1054 2833 1219 2904 erroribus
1231 2832 1376 2918 plerum·

282 2939 284 2943 ‘
321 2958 384 3023 que
405 2934 558 3021 falsisque
582 2935 744 2999 debentur
764 2935 915 2999 locorum
938 2935 1282 3022 interpretationibus,
1299 2935 1377 3004 inde

321 3037 422 3116 ortis,
435 3037 524 3124 quod
546 3039 620 3101 satis
642 3037 807 3102 habebant
827 3038 918 3102 locos
936 3038 1098 3125 quosdam
1119 3037 1160 3101 de
1181 3038 1318 3109 canendi
1341 3039 1375 3102 in

317 3140 424 3226 ,epulis
446 3139 605 3204 Romanis
637 3164 730 3205 more
756 3153 858 3227 prout
883 3141 1018 3228 quisque
1046 3139 1143 3204 vellet
1163 3141 1377 3227 interpretari,

321 3241 407 3306 nulla
430 3255 615 3308 ceterorum
636 3243 743 3330 poesis
765 3243 932 3331 popularis
943 3265 1101 3330 generum
1117 3243 1243 3308 ratione
1255 3242 1375 3308 habita.

405 3346 452 3409 lta
474 3346 526 3410 vel
547 3345 658 3433 peritis
680 3347 878 3434 antiquitatis
890 3345 1160 3410 existimatoribus
1176 3345 1210 3410 in
1222 3347 1376 3419 varietate

321 3471 357 3510 ac
379 3446 579 3527 dissensione
602 3437 819 3528 versantibus,
834 3519 837 3524 ,
853 3460 927 3513 ante
959 3448 1024 3512 hoe
1054 3447 1224 3514 biennium
1245 3449 1287 3514 ab
1309 3472 1377 3513 am·

320 3548 467 3635 plissimo
491 3551 606 3616 ordine
633 3551 911 3638 philosophorum
932 3552 1156 3616 universitatis.
1170 3550 1375 3615 Friedericae

322 3650 530 3718 Guilhelmae
552 3655 775 3720 Berolinensis
796 3653 880 3719 haec
899 3666 947 3719 est
969 3653 1115 3742 quaestio
1136 3653 1324 3740 proposita:

428 3755 581 3840 ··»Quum
602 3770 713 3824 nostra
736 3768 839 3822 aetate
861 3756 894 3820 in
905 3756 1018 3844 priscis
1029 3757 1257 3821 Romanorum
1274 3756 1377 3837 rebus

382 3869 385 3873 ’
444 3859 618 3924 tractandis
650 3872 682 3925 et
714 3859 927 3940 dijudicandis
958 3859 1109 3946 populari
1139 3881 1239 3946 quam
1259 3868 1378 3924 vocant

445 3962 537 4046 possi
559 3962 699 4027 multum
721 3961 880 4027 tributum
901 3961 957 4040 sit,
980 3986 1193 4050 quaecunque
1205 3973 1378 4049 supersunt

349 4126 352 4131 ,
445 4064 600 4152 reliquiae
621 4065 671 4129 vel
694 4065 824 4151 vestigia
840 4065 962 4128 'talium
992 4065 1175 4130 carminum
1202 4065 1288 4153 apud
1310 4065 1377 4129 Ro-

443 4176 559 4231 ma'nos
587 4180 619 4232 et
646 4179 757 4255 gentes
779 4169 906 4232 Romae
928 4166 1083 4232 finitimas
1111 4179 1278 4246 natorum,
1310 4168 1381 4232 sive

444 4267 481 4332 iis
504 4267 613 4355 spicae
635 4271 702 4336 sive
722 4268 841 4359 lyricae
863 4292 921 4334 seu
942 4272 1087 4336 scenicae
1109 4269 1218 4358 poesis
1239 4269 1377 4357 primor-
