3400 5042
860 519 910 598 7⁰

352 697 427 786 ling.
451 697 576 764 Etrusc.
599 695 640 763 ll.
662 701 712 765 89.
755 695 812 761 llla
834 695 932 783 igitur
957 695 1056 761 verba
1084 718 1187 786 quum
1215 697 1350 764 omnino
1372 699 1412 764 ed

354 800 516 880 ardorem,
537 810 678 877 aestum,
701 799 858 880 fervorem
879 798 1039 885 sanguinis
1061 818 1304 888 nervorumque
1326 813 1359 866 et
1378 801 1413 866 in

353 903 479 968 morbis
513 913 545 966 et
572 901 605 965 in
638 900 725 965 coitu
757 901 945 965 animalium
977 902 1191 987 conspicuum
1222 903 1413 990 pertineant,

352 1005 439 1072 unde
472 1016 505 1070 et
543 1027 657 1092 caprae
691 1002 731 1067 ad
770 1004 957 1070 coeundum
993 1003 1205 1090 pronissimae
1243 1029 1413 1094 nunquam

353 1110 436 1174 febri
458 1131 568 1173 carere
590 1106 789 1183 dicebantur,
811 1105 909 1186 (Plin.
932 1108 972 1175 H.
993 1106 1034 1176 N.
1056 1108 1207 1184 XXVlll,
1230 1113 1279 1176 lo.
1297 1130 1329 1194 p.
1342 1115 1411 1174 469.

354 1211 404 1277 ed.
437 1209 555 1291 Hard.)
588 1221 620 1273 et
650 1209 739 1272 Juno
771 1212 912 1275 Februlle
945 1232 1001 1274 seu
1041 1211 1207 1294 Capruu'na
1243 1214 1411 1276 Februario

353 1337 465 1378 mense
497 1334 557 1400 per
588 1310 818 1398 Lupercalium
857 1311 1015 1375 solemnia
1054 1311 1177 1375 coitum
1215 1312 1413 1378 foecundita-

352 1429 485 1504 temque
507 1413 694 1480 animalium
719 1415 885 1492 tuebatur,
923 1426 955 1478 et
975 1419 1113 1479 Februne
1139 1439 1196 1478 seu
1222 1415 1353 1480 Mantus
1381 1427 1413 1479 et

352 1519 477 1584 Vedius
503 1519 717 1582 Etruscorum
737 1519 827 1599 febri
850 1529 882 1580 et
907 1517 1088 1603 pestilentia
1118 1517 1158 1581 ad
1187 1517 1314 1582 Orcum
1341 1519 1413 1582 Ma-

350 1645 476 1709 nesque
499 1620 678 1685 devocabat
698 1619 859 1683 homines.
903 1619 1031 1704 Quodsi
1053 1620 1134 1707 ignis
1155 1621 1254 1685 ardor
1275 1621 1411 1684 omnino

353 1747 491 1813 purgare
513 1723 694 1812 putabatur,
716 1723 829 1786 Festus
851 1727 894 1801 (v.
912 1723 1106 1788 Februarius
1128 1745 1159 1809 p.
1171 1729 1235 1802 85.)
1256 1725 1413 1811 interpre-

352 1840 454 1893 tatur:
484 1830 703 1908 ufebruurelur,
724 1825 757 1888 ld
780 1837 829 1889 est
848 1825 1040 1890 lustraretur
1061 1837 1093 1890 et
1110 1841 1301 1911 purgaretur,
1322 1826 1411 1890 idem

353 1942 466 1995 nostro
488 1930 580 1994 loco:
613 1931 728 2012 neustr,
753 1944 1010 2014 purgamentum«
1053 1926 1210 1993 Ceterum
1232 1928 1283 1993 vel
1305 1928 1411 1993 brevis

352 2033 459 2098 forma
481 2031 572 2096 verbi
599 2033 678 2116 exfir
698 2031 870 2095 Etruscam
898 2031 1025 2095 redolet
1050 2031 1224 2118 originem,
1255 2043 1292 2096 ut
1309 2033 1411 2113 sacal,

348 2138 506 2223 perfacul,
532 2139 689 2211 Frutinal,
717 2136 898 2198 Larentinal
914 2134 1016 2214 (Etr.:
1043 2137 1225 2215 Larullral),
1253 2139 1412 2221 Lupercal,

353 2246 491 2325 lupanar,
513 2243 607 2322 volup.
650 2235 945 2317 (Cluentiae.
969 2236 1135 2319 adFest.)
1168 2235 1325 2302 Ceterum
1346 2239 1412 2319 sus-

346 2345 423 2429 fitr'o
446 2339 591 2422 ejusdem
613 2339 720 2426 stirpis
747 2361 784 2402 ac
801 2339 909 2421 sumus
935 2362 1010 2404 cum
1037 2342 1117 2425 exfir
1142 2363 1210 2405 non
1237 2339 1411 2405 cohaerere

353 2445 489 2510 videtur.

443 2549 615 2623 »Exuletuu
637 2544 691 2633 qui
714 2544 900 2610 adolescere
922 2546 1142 2611 recrescere
1165 2545 1287 2612 desiit.«
1310 2545 1411 2611 Paull.

351 2674 383 2738 p.
405 2656 455 2718 80.
498 2647 606 2713 Facile
628 2646 669 2712 ad
690 2647 835 2712 victimas
856 2646 998 2713 refertur
1019 2661 1055 2713 ut
1075 2654 1201 2715 exburee
1221 2649 1261 2715 cf.
1283 2648 1317 2719 h.
1338 2674 1368 2714 v.

435 2755 649 2837 »Expapt'llato
671 2749 821 2828 brachio,
848 2765 964 2827 exert03
998 2751 1087 2839 quod
1110 2776 1212 2841 quum
1233 2751 1270 2816 fit
1289 2751 1410 2840 papilla

351 2854 523 2925 nudatur«
566 2853 667 2918 Paull.
688 2877 721 2942 p.
745 2859 793 2919 79.
836 2853 1045 2941 Etymologia
1067 2856 1202 2920 minime
1223 2854 1410 2942 probabilis.

353 2958 468 3044 Quum
492 2983 611 3043 pappus
639 2955 795 3044 significet
821 2954 942 3020 florum
970 2956 1106 3022 mollem
1138 2958 1324 3045 lanuginem
1353 2981 1410 3022 seu

349 3077 500 3126 tenerum
526 3072 658 3146 tegmen
691 3059 811 3139 (Paull.
837 3083 866 3123 v.
889 3059 997 3147 p'appi.
1019 3083 1053 3147 p.
1075 3066 1177 3139 220.),
1203 3072 1236 3125 et
1253 3066 1406 3147 papulae

349 3165 438 3229 tenui
460 3175 532 3228 cute
554 3174 586 3226 et
603 3167 716 3248 papilia
739 3163 779 3225 ab
808 3162 931 3227 alarum
962 3163 1114 3249 lanugine
1140 3164 1272 3252 propria
1305 3164 1406 3228 deno-

350 3266 506 3345 minatur,
538 3265 654 3330 deinde
673 3271 791 3351 papilla
812 3289 829 3329 a
848 3271 1028 3352 papularum
1054 3265 1260 3332 similitudine
1286 3289 1407 3332 nomen

349 3371 445 3434 traxit
466 3369 521 3448 (cf.
538 3368 638 3436 Paull.
651 3368 670 3433 l.
683 3373 735 3447 c.).
768 3371 881 3456 ltaque
903 3381 1030 3434 vetusto
1052 3381 1084 3433 et
1105 3393 1221 3434 arcano
1244 3370 1407 3436 Saliorum

351 3495 504 3537 sermone
536 3477 720 3556 expapillato
754 3476 873 3536 bruelu‘a
906 3485 954 3538 est
984 3472 1118 3537 brachio
1147 3497 1186 3537 ex
1211 3475 1326 3556 a'rrfulae
1357 3475 1408 3538 vel

350 3576 571 3664 paludamenti
604 3580 743 3653 lanugine
774 3581 913 3660 expedita
945 3577 1010 3640 sive
1043 3591 1155 3641 exerta.
1209 3577 1302 3641 ldem
1323 3576 1409 3642 valet

351 3703 401 3766 ap.
430 3678 530 3743 Paull.
557 3701 590 3765 p.
618 3683 677 3743 81:
713 3680 944 3760 »Exinsulabat,
976 3679 1145 3743 exerebat:
1178 3679 1293 3744 infulas
1320 3681 1407 3744 enim

351 3781 556 3848 sacerdotum
569 3784 734 3865 filamenta
754 3781 941 3846 vocabant«
972 3781 1048 3846 ibid.
1069 3805 1102 3869 p.
1123 3787 1176 3848 83:
1198 3784 1408 3868 Esfafilatum,

351 3902 497 3964 exertum,
525 3885 613 3972 quod
636 3884 755 3949 seilicet
776 3907 891 3949 omnes
913 3903 1015 3950 exerta
1038 3890 1173 3951 bracchio
1195 3887 1258 3950 sint
1278 3891 1407 3972 exfilari,

350 3990 384 4054 id
406 4001 455 4054 est
474 4003 562 4053 extra
582 3988 814 4052 vestimentum
827 3991 888 4072 fila
910 4001 1128 4058 contextum«
1164 3989 1239 4075 Qua
1252 3990 1292 4054 de
1303 3991 1408 4077 glossa

351 4092 566 4157 diversissime
588 4092 799 4172 conjecerunt
819 4092 983 4172 editores,
1001 4093 1041 4159 cf.
1064 4093 1176 4158 Muell.
1198 4105 1277 4173 not,
1300 4117 1317 4157 a
1340 4094 1409 4180 qui-

351 4197 413 4260 bus
435 4195 604 4260 discedens
626 4195 812 4280 essafilatum
833 4219 890 4260 seu
911 4199 1102 4281 exsufllatum
1128 4195 1208 4260 nihil
1230 4195 1316 4260 aliud
1338 4218 1407 4260 esse

352 4299 517 4379 existimo,
548 4321 647 4387 quarn
669 4301 826 4384 exfilatum
851 4300 885 4364 in
906 4299 974 4388 ipsa
1000 4300 1106 4387 glossa
1132 4300 1307 4387 repetitum
1332 4321 1408 4364 cum
