3400 5042
854 507 905 582 34

350 705 499 762 suorum,
520 682 576 770 qui
597 705 615 748 a
637 684 804 771 rapacium
827 685 1004 750 bestiarum
1026 684 1151 772 impetu
1172 685 1261 772 ipsos
1281 706 1414 751 eorum-

351 809 415 873 que
436 808 550 873 greges
577 784 755 851 defendant
771 789 822 867 ⁶²).
866 787 960 851 Idem
988 786 1130 875 denique
1150 787 1241 853 Mars
1262 787 1415 854 Silvanus

350 888 439 976 apud
462 886 625 954 Catonem
647 911 709 975 pro
731 890 834 954 boum
856 912 917 976 per
937 890 1091 955 silvarum
1111 892 1257 978 gramina
1279 912 1414 978 pascen-

349 991 432 1056 tium
452 992 553 1056 salute
575 993 746 1057 invocatur
762 996 814 1074 ⁵³).

432 1096 478 1160 Ut
498 1117 578 1159 vero
599 1093 688 1160 haud
709 1094 802 1160 lacile
823 1096 988 1182 patiuntur
1001 1106 1148 1182 pastores
1157 1105 1309 1182 vagantes
1319 1116 1414 1161 sevo·

348 1196 414 1261 cari
442 1219 515 1261 sea
543 1197 671 1284 pascuis
697 1197 762 1260 suis
790 1184 829 1261 ad
858 1198 1074 1282 agricolarum
1107 1197 1269 1262 laboriosa
1301 1217 1413 1284 opera,

348 1299 391 1363 ita
412 1298 477 1364 hoc
498 1298 660 1388 pastorale
683 1322 807 1364 numen
829 1299 1050 1364 adversarium
1061 1299 1256 1365 credebatur
1266 1299 1413 1364 culturae

347 1424 517 1488 agrorum,
554 1426 617 1490 qua
646 1413 679 1466 et
705 1401 837 1467 arbores
869 1401 967 1467 silvae
1000 1402 1104 1467 securi
1139 1402 1354 1468 caederentur
1378 1411 1413 1464 et

347 1515 438 1590 prata
460 1504 626 1590 graminea
648 1515 756 1568 aratro
777 1515 980 1568 verterentur
993 1508 1046 1584 ⁸⁴).
1091 1504 1205 1591 Quum
1227 1526 1328 1592 porro
1349 1525 1412 1590 pro

347 1605 377 1669 vi
400 1617 498 1693 atque
520 1607 645 1694 impetu
666 1606 795 1694 genitali
813 1606 846 1672 in
863 1607 1056 1672 animalibus
1072 1607 1255 1694 plantisque
1265 1606 1413 1694 pollente

347 1709 507 1773 obscaena
530 1709 691 1795 quaedam
714 1710 908 1796 protervitas
930 1710 971 1774 sit
991 1709 1124 1797 propria
1145 1709 1320 1796 agrestium
1332 1709 1412 1772 deo·

345 1835 436 1889 rum,
458 1824 490 1875 et
511 1811 628 1889 Sileni,
654 1811 774 1876 Faunis
802 1810 922 1876 Silvani
945 1812 1122 1898 virginibus
1144 1811 1275 1876 insidias
1296 1833 1412 1897 parare

345 1916 378 1978 in
392 1913 490 1978 sacris
507 1912 625 1976 sabulis
636 1916 816 1991 traduntur,
838 1914 936 1977 etiam
951 1914 1084 1979 Silvano
1096 1936 1273 2000 puerperas
1285 1914 1412 1978 vexanti

346 2015 499 2080 mulieres
528 2038 615 2079 sacra
644 2015 751 2079 lacere
779 2038 847 2079 non
878 2016 1016 2097 licet⁶⁵).
1067 2015 1197 2101 Quodsi
1225 2016 1341 2082 eadem
1368 2015 1412 2079 de

346 2141 439 2182 causa
462 2117 560 2181 ctiam
587 2118 703 2183 Martis
730 2129 763 2181 et
792 2117 939 2182 llerculis
965 2121 1062 2184 sacris
1088 2119 1229 2182 feminas
1255 2119 1412 2183 interesse

343 2219 394 2284 las
417 2242 484 2283 non
507 2231 576 2283 erat
591 2225 640 2298 ⁶⁸),
661 2219 924 2284 demonstratum
947 2220 1082 2299 videtur,
1103 2221 1203 2286 Marti
1224 2241 1411 2306 cognomen

346 2321 468 2386 Silvani
497 2323 540 2385 ob
569 2323 748 2386 silvestrem
775 2334 1001 2411 agrestemque
1028 2322 1117 2388 illam
1149 2334 1298 2388 naturam
1330 2322 1413 2386 anti-

345 2424 454 2510 quitus
475 2423 631 2502 inditum,
655 2422 854 2510 procedente
876 2423 1012 2490 demum
1033 2437 1185 2513 tempore
1205 2423 1340 2489 numina
1361 2447 1412 2487 se-

344 2525 433 2590 cerni
456 2537 571 2612 coepta
594 2548 672 2590 esse.

426 2629 487 2693 Est
507 2628 595 2693 enim
621 2626 686 2692 hoc
713 2651 816 2693 unum
842 2652 909 2718 quo
936 2628 1110 2706 differunt,
1142 2627 1231 2715 quod
1258 2627 1410 2694 Silvanus

343 2754 405 2818 pro
426 2730 584 2795 arborum
606 2742 805 2796 vetustarum
826 2731 1035 2796 similitudine
1061 2753 1176 2809 senex,
1206 2731 1297 2796 Mars
1324 2729 1410 2795 Gra·

343 2833 436 2896 divus
458 2843 571 2897 contra
593 2855 656 2919 pro
679 2833 778 2919 ipsius
799 2834 891 2898 verbi
913 2832 1146 2921 significatione
1167 2854 1299 2919 semper
1317 2834 1410 2913 juve-

343 2936 393 3000 nis
414 2935 608 3000 credebatur
624 2939 674 3016 Η).
718 2934 883 3022 Significat
895 2937 994 3015 enirn,
1014 2948 1050 3000 ut
1070 2935 1205 3000 tandem
1226 2934 1410 3000 conclusio-

342 3061 420 3104 nem
442 3037 539 3102 totius
559 3038 851 3122 argumentationis
873 3038 1008 3117 seciam,
1039 3039 1131 3103 Mars
1152 3037 1316 3103 Gradivus
1338 3061 1409 3102 ver-

342 3140 424 3205 nalis
447 3139 523 3204 solis
545 3141 613 3203 vim
640 3139 761 3204 almam
784 3151 816 3203 et
842 3140 1049 3226 genitricem,
1081 3153 1114 3205 et
1139 3141 1172 3204 in
1199 3139 1409 3225 graminibus,

340 3242 490 3321 floribus,
521 3242 693 3307 arboribus
715 3243 897 3329 vigentem,
928 3255 961 3307 et
981 3243 1133 3307 animalia
1155 3243 1196 3307 ad
1218 3241 1408 3307 coeundum

340 3344 648 3432 procreandumque
669 3344 885 3432 instigantem,
907 3369 990 3433 quae
1012 3345 1154 3434 denique
1172 3343 1222 3409 vel
1236 3345 1408 3409 bominum

385 3576 423 3646 ⁶²)
446 3578 535 3634 Orelli
554 3578 638 3652 Corp.
656 3580 738 3636 lusor.
757 3580 811 3636 No.
830 3581 898 3635 tuot
915 3581 950 3636 cl.
968 3593 1024 3638 not.
1043 3580 1086 3636 38.

385 3663 422 3734 ⁶³)
445 3666 514 3722 Cato
533 3667 566 3722 R.
585 3669 617 3722 R.
637 3667 654 3722 l.
674 3689 698 3724 c.

384 3749 421 3822 ⁵⁴)
444 3753 520 3826 Vir-g.
544 3756 611 3810 llen.
635 3754 791 3819 Vl11,607.
826 3756 938 3812 Silvano
1009 3757 1141 3811 Arvorum
1165 3757 1322 3830 peccdmus
1345 3757 1407 3812 deo.

442 3840 518 3897 Grat.
537 3841 632 3899 Falisc.
651 3841 753 3916 Cyneg.
773 3845 816 3898 20.
834 3858 863 3900 et
879 3844 983 3900 inculto
1000 3843 1125 3900 Silvanus
1149 3843 1256 3901 termite
1279 3844 1407 3918 gaudeus.

441 3930 477 3985 cl.
495 3929 583 3986 Varro
601 3951 643 4004 ap.
660 3932 727 4004 Aug.
747 3929 806 3986 civ.
827 3933 882 3987 Dei
901 3932 949 3996 Vl,
966 3933 991 3988 9.
1009 3933 1034 3985 2.

384 4014 421 4086 ⁶⁵)
445 4017 572 4073 Juvenal.
590 4019 670 4074 Satir.
690 4018 784 4105 Sebol.
806 4020 855 4090 Vl,
873 4021 932 4076 ld'l.
969 4019 1039 4075 Cato
1057 4021 1090 4076 R.
1108 4021 1142 4075 R.
1161 4019 1178 4074 l.
1196 4044 1219 4080 c.

385 4101 421 4175 ⁰⁶)
447 4105 529 4162 Ovid.
549 4107 621 4162 Fast.
639 4107 686 4162 lll.
706 4106 771 4175 lut,
793 4109 878 4181 Prop.
899 4108 948 4172 lV,
965 4107 992 4173 9,
1009 4107 1058 4175 26,
1079 4106 1144 4162 ibid.
1162 4129 1189 4163 v.
1205 4110 1249 4164 69.

383 4189 420 4262 ⁸⁷)
443 4191 518 4265 Virg.
538 4193 637 4267 Georg.
656 4196 690 4261 ll,
707 4195 767 4251 295.
804 4197 996 4270 Silvanumque
1019 4216 1111 4252 senem
1144 4196 1227 4252 Orid.
1251 4198 1327 4252 Rem.
1345 4198 1406 4254 Λω.

436 4280 487 4344 lll.
505 4281 530 4347 7,
548 4281 581 4337 ³1
600 4283 727 4352 juvenilia
745 4303 856 4340 munera
873 4285 979 4341 Martis.
