3400 5042
344 732 574 820 praestantiam
591 731 733 817 expoliti.
766 732 818 795 Ad
837 733 977 797 similem
995 756 1029 796 se
1045 732 1217 818 applicavit
1228 731 1269 795 de
1282 731 1405 795 exodiis

344 834 538 899 sententiam
560 832 820 914 Schoberus²⁸)‚
853 835 912 897 nisi
941 833 1031 921 quod
1060 834 1173 898 exodia
1196 858 1212 898 a
1235 835 1406 914 juvenibus

345 937 451 1000 soluto
474 938 547 1016 joco
566 941 682 1020 passim
704 934 736 997 in
749 935 914 1000 Atellanas
936 937 1081 1000 immixta
1100 959 1215 1024 parvas
1237 941 1405 1000 comoedias

345 1062 405 1124 per
427 1062 460 1102 se
482 1047 617 1115 integrus
639 1060 707 1101 esse
730 1038 848 1101 statuit.

428 1142 471 1203 At
484 1139 571 1202 enirn
584 1162 651 1203 non
663 1139 743 1202 haec
756 1151 804 1202 est
815 1139 914 1226 ipsius
925 1140 1015 1204 verbi
1028 1139 1226 1224 significatio,
1237 1151 1269 1202 et
1280 1141 1405 1202 ratione

345 1265 454 1306 carere
466 1241 600 1316 videtur,
618 1240 650 1303 in
663 1240 869 1303 comoediam
882 1241 978 1304 etiam
991 1241 1127 1311 alteram
1139 1240 1345 1305 comoediam
1357 1241 1406 1303 in·

345 1356 464 1407 sertam
483 1366 560 1406 esse.
585 1341 814 1425 Quamobrem
827 1343 981 1407 Munkius
993 1343 1104 1422 objicit
1115 1342 1175 1405 illis
1191 1347 1242 1424 ²⁴),
1258 1342 1403 1429 primum

346 1468 414 1508 non
426 1445 522 1508 fuisse
534 1443 624 1507 istius
637 1441 726 1506 modi
741 1443 869 1508 lacunas
882 1445 914 1507 in
926 1446 1080 1508 Atellanis
1092 1446 1220 1522 sabulis,
1233 1445 1350 1532 quibus
1362 1443 1407 1507 al·

345 1561 450 1611 terum
463 1569 562 1632 genus
575 1545 819 1608 comoediarum
833 1546 882 1631 agi
894 1559 1012 1632 posset,
1024 1547 1256 1633 deindeipsum
1265 1548 1404 1609 verbum

346 1653 485 1714 exodium
496 1669 566 1710 esse
577 1654 700 1722 exitum,
718 1629 840 1717 ἕξθδθὶ)
852 1671 909 1712 seu
920 1653 1145 1734 catastrophen,
1162 1661 1216 1713 aut
1224 1662 1406 1734 postremum

345 1757 560 1826 canticum,aut
570 1753 771 1832 spectaculum
778 1755 932 1833 peculiare
944 1750 977 1813 in
980 1751 1202 1834 fineadditum
1213 1747 1405 1835 significans.

348 1853 435 1916 lllius
456 1863 565 1914 tamen
588 1848 702 1912 cantici
726 1871 827 1935 quum
851 1852 891 1915 sit
912 1853 1068 1915 terminus
1081 1852 1405 1924 teclrnicusclausulu,

345 1954 431 2018 lianc
452 1954 586 2016 alteram
608 1951 776 2037 propriam
800 1976 869 2016 esse
892 1952 1157 2038 significationem
1180 1958 1292 2030 eradii,
1315 1951 1404 2039 quod

347 2056 401 2144 qui
435 2055 547 2140 egerit,
579 2059 767 2117 exodiarium
798 2077 866 2118 esse
899 2055 1108 2141 appellatum.
1163 2055 1292 2119 Deinde
1324 2077 1405 2117 vero

349 2158 446 2220 etiam
469 2165 556 2218 extra
580 2154 742 2218 theatrum
766 2155 820 2241 qui
839 2179 890 2219 res
906 2158 1033 2236 jocosas
1050 2169 1160 2241 ageret
1177 2157 1226 2220 vel
1239 2157 1407 2233 dictitaret,

347 2259 435 2322 idem
458 2280 579 2320 nomen
603 2256 722 2333 tulisse,
745 2270 776 2320 et
798 2257 935 2321 omnino
958 2263 1069 2322 exodia
1091 2257 1293 2342 significasse,
1315 2257 1405 2344 quod

346 2359 548 2447 Francogalli
579 2357 687 2421 dicant
710 2359 887 2438 farces²⁵).
942 2361 1070 2446 ltaque,
1098 2360 1246 2445 personis
1266 2359 1342 2423 solis
1363 2360 1406 2421 ab

348 2462 451 2526 Atella
479 2461 622 2523 Romam
655 2461 828 2536 accersitis,
860 2461 970 2524 locum
996 2460 1077 2523 Livii
1109 2459 1174 2523 hoc
1205 2459 1404 2546 significare:

347 2587 451 2650 »quae
472 2561 606 2626 ridicula
628 2574 740 2648 postea
763 2563 846 2626 ludis
865 2563 1000 2627 scenicis
1018 2561 1118 2626 linem
1135 2563 1242 2627 lacere
1255 2563 1406 2639 solerent,

347 2665 423 2729 inde
455 2664 568 2727 exodia
602 2662 761 2750 appellata
794 2676 826 2727 et
857 2665 975 2728 sabulis
1009 2664 1221 2750 potissimum
1251 2663 1406 2728 Atellanis

346 2777 493 2833 conserta
515 2787 595 2829 esse.

365 2949 367 2953 7
431 2868 495 2933 Sed
518 2868 706 2954 priusquam
729 2866 769 2930 de
792 2865 916 2929 exodiis
937 2866 1092 2945 judicium
1114 2867 1279 2945 iaciamus,
1300 2867 1407 2931 consi-

347 2969 510 3034 derandus
527 2979 575 3032 est
587 2966 666 3030 Livii
685 2979 797 3031 noster
808 2968 906 3045 locus,
927 2969 1056 3055 qualem
1069 2969 1261 3033 novissimus
1274 2971 1312 3034 Τ.
1325 2969 1406 3033 Livii

348 3071 454 3136 editor
476 3067 697 3134 Alschefskius
719 3067 927 3133 scribendum
960 3072 1083 3134 censuit
1102 3073 1168 3156 ²⁶):
1207 3072 1405 3159 »Postquam

351 3191 555 3205 *-

391 3259 428 3329 ν’)
447 3259 570 3315 Schober
587 3257 621 3314 de
644 3260 717 3314 sabb.
739 3260 782 3315 At.
802 3281 826 3332 p.
845 3261 888 3314 42.
924 3260 1007 3316 ldem.
1034 3262 1067 3317 de
1089 3262 1271 3317 Atellanarum
1295 3260 1408 3317 Exodiis

449 3345 556 3402 Vratisl.
574 3347 649 3401 1830.

392 3435 429 3505 ²⁴)
448 3436 536 3491 Munk
554 3435 588 3488 de
606 3435 677 3488 sabb.
697 3437 740 3490 At.
758 3437 868 3490 22-28.

393 3521 430 3593 ²⁵)
448 3523 513 3579 Loci
532 3525 559 3576 in
579 3515 731 3594 quibus'rei
750 3524 831 3578 cardo
849 3525 962 3578 vertitur
979 3524 1006 3578 hi
1025 3525 1187 3598 potissimum
1206 3539 1284 3580 sunt:
1306 3527 1405 3580 Juren.

451 3610 505 3666 Sat.
527 3611 573 3674 Vl,
592 3612 640 3666 71:
667 3611 782 3666 Urbicus
802 3613 899 3666 exodio
919 3614 997 3667 risum
1015 3627 1104 3668 movet
1123 3613 1270 3669 Atellanae.
1291 3613 1347 3669 Cic.
1365 3614 1406 3668 ad.

450 3698 513 3752 Dir.
531 3699 580 3765 lX,
600 3697 659 3753 162*
683 3699 775 3753 mimus
793 3699 821 3752 in
840 3700 927 3754 locum
947 3700 1065 3754 Atellani
1092 3701 1243 3755 exodiarius
1271 3704 1406 3758 successit.

449 3785 572 3840 Juvenal.
597 3787 651 3840 Sat.
677 3786 726 3854 lll,
750 3788 813 3842 175:
850 3788 943 3859 dignus
965 3788 1097 3862 principio
1121 3789 1206 3843 exitus
1228 3790 1407 3863 exodiumque

450 3886 585 3945 sequetur.
614 3874 649 3929 cf.
667 3875 732 3928 ibid.
756 3875 847 3929 schol.
872 3890 899 3929 et
921 3876 1012 3930 eadem
1035 3876 1068 3931 de
1091 3897 1120 3930 re
1143 3877 1256 3932 Sueten.
1278 3879 1340 3932 Tib.
1362 3879 1405 3932 45.

450 3959 552 4015 Domit.
577 3961 617 4015 10.
655 3961 737 4034 Calig.
759 3963 802 4016 27.
837 3963 917 4017 Unus
946 3964 1129 4018 tantummodo
1155 3978 1240 4020 exstat
1264 3964 1339 4021 locus
1361 3987 1407 4020 au·

450 4049 581 4103 ctoritatis
603 4049 681 4105 valde
705 4050 812 4114 dubiae,
840 4051 885 4104 ubi
904 4051 1000 4106 exodia
1020 4065 1083 4107 sunt
1104 4053 1213 4108 dicteria
1231 4073 1272 4126 ap.
1290 4052 1406 4108 Hieron.

450 4135 585 4191 Gaudent.
603 4136 671 4210 Epp.
692 4139 731 4191 12.

392 4217 430 4289 ²⁰)
448 4221 491 4278 Cf.
518 4224 574 4292 ejus
604 4223 668 4279 edit.
694 4223 758 4279 Vol.
778 4225 812 4290 ll,
834 4245 860 4298 p.
886 4227 935 4281 1⁴⁵
961 4247 1020 4282 curn
1046 4239 1105 4283 not.
1141 4228 1267 4285 Ceterum
1294 4229 1406 4284 omnino

450 4309 630 4366 Alschefskiur
648 4309 767 4368 codicem
777 4312 932 4369 Medicenrn
950 4313 1082 4370 undecimi
1100 4313 1203 4383 saeculi,
1222 4317 1407 4374 succensione
1455 4344 1457 4347 ·
