3400 5042
813 543 886 616 179

319 722 367 784 nis
391 718 678 796 Cincinnatorum,
702 716 937 795 Camillorum,
966 718 1249 796 Posthumiorum,
1281 719 1379 785 Clau-

320 825 459 900 diorum,
482 822 630 897 aliomm,
652 821 706 906 qui
729 844 859 907 semper
881 820 1090 885 inimicissimi
1113 822 1247 884 luissent
1268 825 1372 908 plebe·

316 928 423 1005 jorum
447 923 580 998 nomini,
601 923 733 1008 grandia
756 923 837 987 laeta
856 923 1053 998 cecinissent,
1075 925 1376 1009 nonneplurirnum

319 1027 383 1090 suis
406 1029 437 1090 in
460 1025 624 1112 republica
644 1026 789 1111 partibus
807 1025 994 1088 nocuissent
1009 1026 1161 1110 opposito
1180 1037 1253 1089 ante
1265 1029 1377 1091 oculos

319 1128 533 1192 multitudinis
568 1127 697 1190 illorum
725 1128 860 1213 antiquo
895 1126 1068 1212 splendore
1102 1123 1248 1211 ipsorum
1283 1131 1378 1194 nullis

319 1233 480 1306 majorum
503 1229 626 1292 meritis
649 1230 787 1292 sancitae
811 1229 953 1291 novitati.
993 1228 1060 1304 Sin,
1083 1241 1117 1291 ut
1140 1229 1251 1292 odium
1276 1236 1379 1318 expri-

321 1343 446 1397 merent
468 1356 578 1408 suum,
610 1331 728 1417 plebeji
751 1330 938 1416 superbiam
966 1329 1256 1417 crudelitatemque
1283 1336 1378 1418 patri·

319 1435 444 1499 ciorum
467 1457 581 1497 cauere
600 1431 786 1506 voluissent,
808 1432 905 1495 etiam
928 1432 969 1494 de
987 1432 1134 1517 ipsorum
1147 1432 1289 1511 vinculis,
1310 1458 1380 1499 sor·

319 1537 428 1612 dibus,
450 1534 585 1598 miseriis
607 1545 848 1597 memomarent
870 1555 1001 1596 necesse
1024 1545 1105 1608 erat,
1126 1531 1266 1620 ideoque
1289 1537 1378 1622 epica

319 1639 370 1702 illa
399 1637 539 1701 carmina
573 1646 627 1698 aut
655 1637 687 1698 in
714 1638 825 1698 satiras
854 1646 908 1699 aut
935 1635 967 1697 in
994 1634 1110 1719 elegias
1145 1635 1380 1720 degenerarent

321 1763 449 1802 necesse
473 1750 548 1804 erat.

405 1843 474 1906 lloc
502 1850 534 1901 et
555 1863 571 1902 a
595 1839 642 1902 sui
671 1860 783 1902 amore
811 1848 842 1900 et
865 1860 882 1900 a
910 1836 993 1900 civili
1021 1837 1145 1901 ratione
1172 1837 1379 1923 plebeiorum

320 1943 440 2029 pariter
462 1952 529 2004 erat
551 1940 700 2002 alienum.
737 1940 843 2001 lrnmo
867 1960 929 2024 qua
952 1938 992 2002 de
1015 1962 1108 2002 causa
1131 1939 1216 2026 apud
1237 1940 1380 2004 Franco·

320 2043 420 2127 gallos
444 2043 475 2105 in
498 2041 660 2127 praeteriti
684 2040 785 2103 modo
814 2038 930 2102 saeculi
959 2040 1104 2102 civilibus
1131 2029 1380 2126 pertuibationi·

322 2147 380 2207 bus
402 2144 554 2206 homines
576 2142 748 2227 populares
771 2140 979 2226 splendorem
995 2142 1085 2226 regni
1100 2141 1256 2205 lucdovici
1274 2144 1379 2228 quarti

322 2245 448 2321 decimi,
471 2268 569 2330 quem
593 2245 641 2305 vel
665 2242 753 2306 inviti
766 2264 883 2325 negare
896 2265 962 2304 non
975 2255 1116 2328 possent,
1139 2244 1170 2306 in
1184 2245 1378 2307 memoriam

322 2346 537 2410 multitudinis
565 2349 718 2408 revocare
746 2343 836 2406 ornni
867 2344 969 2405 modo
997 2344 1144 2430 iniquum
1173 2359 1204 2408 et
1226 2369 1243 2409 a
1266 2370 1322 2410 sua
1345 2372 1379 2410 re

321 2448 554 2511 alienissimum
577 2446 747 2532 putabant,
780 2444 895 2508 eadem
924 2445 964 2508 de
987 2469 1079 2508 causa
1102 2447 1229 2509 Romae
1251 2448 1380 2533 plebeji,

322 2552 374 2612 ubi
397 2572 535 2635 aequam
558 2571 631 2610 cum
650 2547 788 2632 patriciis
803 2546 1033 2630 gubernandae
1045 2545 1241 2633 reipublicae
1253 2562 1379 2635 partem

321 2652 450 2738 adipisci
480 2649 686 2724 studuerunt,
718 2648 758 2710 de
780 2647 919 2734 pristino
950 2647 1162 2732 patriciorum
1195 2651 1380 2736 splendore,

322 2754 452 2827 virtute,
473 2751 617 2837 potentia
641 2750 738 2812 verba
762 2749 869 2812 lacere
892 2761 947 2812 aut
969 2760 1097 2812 cantare
1121 2752 1233 2815 inutile
1255 2753 1380 2840 sibique

321 2854 521 2918 contrarium
545 2851 783 2925 existimabant;
805 2863 837 2914 et
859 2862 894 2913 ut
916 2850 1066 2914 nobilitas
1087 2851 1139 2914 illa
1156 2853 1380 2940 aNapoleone

319 2957 518 3042 imperatore
541 2953 698 3029 instituta,
731 2965 765 3015 ut
787 2953 910 3016 meritis
937 2952 1160 3038 quaerendum
1184 2967 1267 3017 esset
1288 2978 1377 3040 prae·

322 3058 435 3134 mium,
457 3055 722 3142 splendidissimis
744 3055 834 3118 laetis
852 3054 1016 3140 rebusque
1028 3053 1118 3117 domi
1131 3055 1273 3142 bellique
1284 3059 1379 3141 gestis

322 3159 437 3222 veteris
460 3157 635 3222 nobilitatis
659 3160 822 3236 majorum
844 3156 1040 3239 imaginibus
1061 3157 1200 3221 sancitae
1215 3158 1380 3245 privilegia

321 3285 354 3324 se
377 3282 590 3346 compensare
613 3283 649 3322 ac
672 3259 838 3321 destruere
861 3279 958 3343 posse
981 3255 1174 3334 confidebat,
1196 3260 1240 3323 sic
1261 3260 1380 3345 plebeji

324 3363 474 3438 Romani,
496 3361 625 3428 intentis
648 3372 680 3422 et
701 3362 733 3422 in
755 3371 940 3446 praesentes
961 3382 1012 3422 res
1024 3371 1055 3421 et
1072 3359 1103 3422 in
1117 3359 1382 3439 futurasviribus,

322 3463 533 3548 patriciorum
555 3461 767 3548 praeteritum
789 3461 1029 3548 pristinumque
1051 3461 1259 3547 splendorem
1273 3486 1383 3526 recen·

322 3565 406 3627 tibus
428 3563 550 3630 meritis
572 3586 710 3650 aequare
733 3586 832 3649 quarn
855 3563 995 3626 maxime
1019 3563 1202 3639 studebant,
1223 3587 1329 3650 neque
1349 3566 1381 3627 in

322 3678 469 3730 mentem
491 3667 527 3730 iis
555 3665 666 3730 venire
694 3676 837 3750 poterat,
865 3664 1002 3750 gloriam
1025 3665 1221 3751 laudemque
1250 3666 1381 3730 illorum

324 3769 423 3854 epicis
446 3767 648 3831 carminibus
664 3777 719 3830 aut
741 3789 859 3851 augere
880 3778 935 3830 aut
956 3766 1144 3830 detrectare.

407 3870 519 3956 ltaque
542 3867 711 3932 Niebuhrii
734 3869 919 3947 conjectura
942 3867 983 3930 de
1010 3868 1139 3952 plebeio
1161 3867 1216 3930 illo
1239 3868 1382 3931 carmine

322 3994 397 4033 cum
427 3982 494 4033 arte
522 3969 605 4032 civili
634 3981 666 4034 et
686 3969 876 4033 utilitatibus
907 3969 1085 4056 studiisque
1117 3969 1322 4055 plebeiorum
1349 3969 1382 4032 in

322 4071 486 4157 republica
510 4070 597 4134 nulla
631 4071 756 4134 ratione
789 4070 949 4134 convenit.
1003 4071 1119 4157 Neque
1149 4070 1217 4156 ipse
1250 4052 1383 4156 quidem

322 4171 383 4236 bae
410 4177 443 4236 in
473 4172 657 4251 conjectura
685 4172 744 4236 sibi
772 4183 914 4249 constat,
945 4173 1066 4259 quippe
1094 4173 1149 4258 qui
1176 4171 1216 4234 de
1245 4170 1383 4246 Camilli,

323 4271 518 4348 Cincinnati,
542 4268 708 4337 Coriolani
727 4271 825 4350 lactis,
848 4273 1133 4338 acerbissimorum
1150 4272 1253 4358 plebis
1270 4272 1384 4335 adver·
