3400 5042
819 545 890 621 171

324 719 404 784 bant
418 721 471 799 ²³),
493 729 581 784 reete
604 717 727 784 Seneca
750 717 841 783 illum
861 725 1003 806 populum
1013 721 1180 786 Ennianum
1201 718 1383 808 appellavit,

325 820 414 909 quod
437 819 632 909 antiquitatis
654 820 797 906 speciem
820 819 903 884 adeo
926 820 1081 906 diligeret,
1103 832 1139 885 ut
1160 821 1210 885 vel
1228 821 1383 908 Virgilius

324 923 469 988 versibus
504 920 701 1010 quibusdem
735 921 857 1010 aliquid
891 946 987 1009 supra
1026 946 1215 987 mensuram
1249 922 1383 988 trahen-

324 1024 408 1088 tibus
435 1021 631 1110 interpositis
659 1021 743 1087 lianc
769 1028 890 1088 recenti
919 1024 1050 1088 carmini
1079 1047 1139 1088 suo
1168 1024 1383 1113 praetendere

324 1125 469 1191 studeret
482 1129 533 1206 ²⁴).

408 1227 492 1292 Tem
515 1225 618 1292 clarus
640 1248 751 1292 revere
773 1223 883 1292 honor
904 1249 972 1291 non
989 1225 1188 1292 dissimulate
1204 1224 1384 1293 imitatione

324 1328 460 1394 aliorum
483 1327 674 1416 paritur²²).
718 1329 769 1392 An
798 1350 887 1406 vero,
909 1327 934 1392 si
957 1328 1166 1416 expressisset
1182 1329 1307 1394 Ennius
1329 1352 1385 1394 an·
1430 1392 1433 1397 ,

325 1431 412 1518 tique
434 1429 585 1505 carmina,
606 1427 717 1492 fallere
739 1429 890 1517 aequales
907 1429 969 1495 hae
987 1430 1027 1495 de
1039 1455 1073 1494 re
1085 1432 1243 1518 potuisset
1253 1431 1384 1508 Fabios,

325 1532 482 1610 Catones,
515 1528 665 1608 Cincios,
698 1531 815 1618 quibus
838 1531 937 1595 iidem
960 1556 1035 1596 sane
1058 1533 1165 1596 sontes
1186 1557 1223 1596 ac
1245 1532 1305 1619 ipsi
1328 1555 1384 1618 pa·

324 1638 453 1698 terent?
484 1633 574 1718 Quid
597 1638 722 1720 porro?
755 1633 871 1718 Quum
890 1632 1005 1698 Crates
1022 1635 1173 1714 Mallotes
1194 1659 1262 1698 non
1278 1634 1383 1697 multo

324 1749 398 1823 post
419 1736 518 1800 Ennii
541 1747 683 1799 mortem
706 1736 848 1799 studium
876 1736 1104 1822 grammaticae
1132 1738 1163 1800 in
1191 1737 1306 1800 urbem
1336 1736 1383 1798 in·

323 1839 463 1915 tulisset,
490 1837 631 1901 Romani
655 1861 729 1902 eum
752 1837 908 1902 hactenus
930 1839 1043 1901 imitati
1065 1851 1155 1916 sunt,
1182 1851 1217 1903 ut
1239 1838 1383 1902 carmina

321 1965 439 2030 parum
461 1939 567 2005 adhuc
590 1940 749 2025 divulgata
771 1939 822 2004 vel
846 1940 1075 2004 defunctorum
1103 1942 1299 2019 amicorum,
1330 1940 1382 2003 vel

324 2045 348 2107 si
372 2049 514 2131 quorum
533 2041 669 2106 aliorum
687 2043 890 2128 probassent,
913 2043 1094 2130 diligentius
1110 2055 1330 2119 retractarent,
1352 2055 1384 2106 et

323 2144 462 2231 legendo
497 2144 819 2231 commentandoque
855 2145 952 2208 etiam
981 2146 1096 2209 ceteris
1123 2159 1199 2210 nota
1229 2146 1383 2209 lacerent.

323 2248 377 2313 Sic
406 2247 448 2333 Q.
477 2248 693 2330 Vargontejus
720 2247 850 2311 annales
878 2246 974 2310 Ennii
1002 2247 1096 2311 certis
1124 2248 1238 2313 diebus
1266 2270 1383 2333 magna

321 2348 504 2437 frequentia
537 2348 788 2435 pronuntiabat;
821 2348 866 2413 sic
888 2349 936 2417 M.
964 2350 1144 2437 Pompilius
1177 2350 1383 2414 Andronicus

323 2450 491 2517 Ciceronis
507 2462 657 2537 tempore
673 2450 887 2538 praecipuum
901 2452 1094 2538 opusculum
1107 2451 1273 2516 annalium
1284 2450 1382 2515 Ennii

322 2553 535 2619 elenchorum
549 2552 793 2640 conscripsit²⁶).
811 2553 931 2617 Nonne
943 2553 1039 2640 igitur
1049 2554 1082 2617 in
1095 2554 1225 2641 antiqua
1238 2553 1381 2616 carmina

322 2656 424 2743 epioe,
445 2655 471 2719 si
487 2655 679 2720 exstitissent
696 2679 732 2719 ea
745 2666 857 2736 aetate,
880 2655 998 2728 eodem
1011 2657 1112 2720 modo
1125 2680 1158 2719 se
1171 2654 1382 2719 convertisset

322 2757 610 2844 grammaticorum
623 2757 777 2834 studium,
800 2769 834 2822 ut
848 2757 957 2822 Aelius
969 2758 1050 2822 Stilo
1062 2758 1204 2822 carmina
1219 2757 1381 2822 Saliorum

321 2862 549 2946 interpretatus
571 2864 635 2924 est?
677 2859 798 2924 Nonne
819 2883 954 2946 prorsus
982 2883 1097 2925 eorum
1119 2860 1248 2946 vestigia
1272 2860 1305 2922 in
1327 2882 1382 2922 an-

321 2963 449 3026 nalibus
472 2960 569 3026 Ennii
591 2961 803 3048 reperissent,
826 2973 861 3025 ut
883 2963 1018 3027 Homeri
1042 2975 1074 3027 et
1095 2963 1208 3027 Naevii
1231 2962 1383 3024 imitatio·

321 3090 379 3129 nes
401 3065 616 3128 invenerunt?

404 3170 447 3232 At
468 3179 539 3231 tum
562 3165 750 3231 eVarronis
773 3165 862 3230 libris
884 3166 925 3230 de
944 3167 1050 3254 poetis
1067 3180 1099 3232 et
1111 3168 1151 3233 de
1163 3170 1323 3255 poematis
1339 3172 1381 3248 ²⁷)

320 3269 517 3357 posteriores
539 3269 740 3356 grammatici
758 3268 843 3332 hanc
861 3269 1009 3333 notitiam
1026 3271 1252 3356 suscepissent,
1274 3272 1314 3335 ab
1331 3270 1382 3334 his

321 3396 381 3436 nos
404 3371 464 3458 ipsi
488 3394 643 3459 quaerere
665 3394 849 3458 possemus,
876 3395 937 3435 nec
960 3371 1043 3436 Cato
1066 3372 1107 3436 de
1129 3397 1221 3437 more
1244 3373 1381 3437 canendi

365 3696 401 3766 ²³)
422 3698 494 3752 Gell.
513 3699 548 3751 N.
567 3698 598 3752 A.
618 3699 717 3762 XVlll,
735 3700 759 3752 5.

364 3784 402 3853 ²⁴)
421 3787 526 3840 Seneca
544 3807 583 3858 ap.
604 3787 676 3841 Gell.
696 3788 756 3851 Xll,
774 3789 799 3850 2,
817 3787 842 3840 3.
867 3807 905 3858 sq.

364 3873 402 3943 ²⁵)
420 3876 568 3930 Homerum
586 3875 619 3928 ab
637 3875 729 3929 Ennio
747 3875 819 3929 haud
838 3896 899 3929 raro
918 3887 1020 3930 tanturn
1031 3894 1088 3930 non
1102 3878 1257 3931 translatum
1272 3898 1339 3942 esse,
1356 3892 1383 3932 et

422 3962 519 4018 Cicero
537 3964 632 4018 docet:
659 3963 693 4017 de
712 3964 773 4016 Fin.
792 3964 864 4017 Bon.
883 3975 910 4017 et
928 3963 994 4018 lllal.
1013 3964 1034 4026 l,
1055 3965 1080 4026 3,
1099 3977 1127 4018 et
1149 3966 1294 4036 fragmenta
1311 3966 1383 4020 allii·-

422 4064 502 4105 mant.
538 4052 624 4105 Etiam
643 4049 774 4106 Naevium
793 4050 922 4106 imitatum
941 4073 997 4106 esse
1016 4051 1089 4106 illum
1108 4055 1142 4108 cf.
1157 4053 1211 4106 Cic.
1223 4056 1296 4108 Brut.
1308 4076 1330 4108 c.
1341 4057 1382 4108 18.

363 4137 400 4207 ²⁶)
420 4140 523 4194 Sueten
542 4139 688 4211 deillustr.
707 4160 786 4211 gram.
806 4162 828 4195 c.
849 4142 860 4192 l
883 4153 910 4194 et
927 4142 951 4193 8.

364 4226 402 4296 ²²)
423 4227 493 4282 Gell.
516 4227 550 4281 N.
571 4228 602 4281 A.
621 4228 820 4294 xvll,21‚43.
839 4230 874 4284 cs.
893 4227 990 4283 Baehr.
1009 4229 1080 4282 llist.
1097 4229 1152 4283 Litt
1171 4231 1248 4284 Rom.
1260 4231 1382 4302 ll,p.33.

422 4315 464 4369 ed.
482 4316 507 4370 3.
526 4315 602 4371 1845.
