3400 5042
859 504 909 575 8⁰

357 690 460 747 sistent.
504 680 557 745 Sic
589 679 791 766 intelligitur,
824 679 902 766 quid
935 680 975 744 sit
1006 680 1094 767 apud
1115 681 1247 745 Festum
1276 707 1307 771 p.
1330 690 1409 750 ³79:

361 790 533 863 Verniscra,
555 780 702 845 messalla
724 783 855 868 auguria
879 782 911 846 h.
930 807 957 847 e.
980 783 1111 868 auguria
1130 786 1280 849 evernali
1302 800 1409 872 segete

356 897 488 968 (vernus,
515 889 631 967 serere)
654 897 745 970 capta
768 885 876 949 uberis
897 885 1008 949 messis
1030 909 1138 963 causa,
1167 899 1202 950 ut
1222 890 1336 970 refriva
1357 891 1408 953 illa

347 997 440 1073 jabu
494 989 586 1073 Quae
615 1011 693 1051 vero
721 988 852 1074 auguria
881 987 984 1075 inagis
1010 988 1050 1052 ad
1079 996 1212 1056 serualur
1246 992 1408 1056 Saliorum

354 1093 509 1158 solemnia
537 1094 698 1179 pertinere
725 1095 899 1176 poteraut?
941 1093 1110 1156 Praeterea
1141 1098 1226 1158 Aelii
1253 1119 1290 1158 ac
1318 1098 1413 1158 Cincii

354 1197 485 1260 nomina
498 1207 530 1258 ct
545 1195 649 1281 glossa
658 1200 760 1279 polteo
772 1192 914 1257 iudicant
925 1193 1169 1262 refrivaSaliare
1181 1221 1249 1261 esse
1260 1199 1408 1262 verbum.

436 1303 629 1363 »Rumsntnm
655 1297 687 1359 in
713 1295 918 1380 auguralibus
950 1297 1127 1383 significare
1155 1299 1283 1364 videtur
1311 1302 1408 1364 inter-

353 1402 460 1489 ruptio
483 1399 688 1487 abruptiove:
721 1397 800 1462 dum
829 1399 927 1463 verba
949 1405 1095 1464 ancilibus
1121 1407 1270 1467 movendis
1296 1404 1408 1490 praeit,

354 1505 379 1568 si
410 1503 539 1568 interim
571 1503 636 1566 avis
669 1498 791 1565 canerit
822 1500 965 1580 (sinistra
997 1503 1232 1582 obnunciato):
1274 1507 1407 1591 augurio

353 1617 541 1670 rumentum
568 1603 691 1668 estod«
739 1603 826 1667 Fest.
848 1626 880 1690 p.
908 1609 977 1682 27⁰,
1010 1602 1140 1670 Collato
1168 1605 1290 1670 Sabidii
1319 1630 1408 1671 com-

353 1707 588 1774 mentariorum
617 1706 691 1771 loco
721 1705 761 1770 de
790 1728 856 1792 quo
889 1706 1012 1792 egimus
1043 1719 1110 1772 not.
1135 1715 1213 1786 107„
1242 1710 1405 1773 versimile

353 1823 400 1875 est
421 1812 528 1898 ipsum
550 1809 712 1874 Saliorum
735 1818 842 1872 vatem
864 1809 1090 1894 pronuntiasse
1106 1808 1193 1883 ¹hacc
1214 1811 1332 1876 verba:

435 1913 498 1978 Nu.
523 1920 571 1979 ll.
781 1913 916 1989 Augurr'o
937 1927 1100 1976 rumentum
1120 1919 1218 1978 estod.

353 2014 405 2081 Cf.
428 2038 524 2103 supra
546 2037 575 2078 v.
599 2017 776 2078 Adrumauit
796 2035 871 2076 cum
892 2013 1005 2078 Muell.
1028 2027 1095 2082 not.

433 2123 550 2183 »Salias
576 2122 701 2195 uirgines
729 2119 847 2180 Cincius
879 2115 923 2179 ait
948 2139 1018 2180 esse
1052 2116 1286 2197 conducticias,
1322 2141 1405 2205 quae

353 2223 393 2285 ad
426 2221 529 2286 Salios
561 2218 775 2282 adhibeantur
806 2241 882 2282 cum
918 2219 1061 2304 apicibus
1096 2220 1283 2305 paludatas,
1326 2245 1404 2308 quas

352 2330 457 2388 Aelius
494 2327 570 2387 Stilo
607 2320 732 2384 scribsit
768 2319 960 2384 sacrificium
991 2320 1098 2386 lacere
1129 2323 1161 2385 in
1195 2323 1294 2409 Regia
1327 2347 1402 2387 cum

353 2425 507 2491 Pontilice
528 2424 694 2512 paludatas
715 2445 791 2486 cum
817 2423 962 2509 apicibus
988 2425 1021 2487 in
1048 2424 1187 2488 modum
1212 2425 1403 2494 Saliorum«

352 2532 438 2597 Fest.
459 2551 491 2614 p.
513 2534 583 2592 329.
627 2524 749 2590 Deliis
770 2527 836 2606 jam
858 2549 953 2613 supra
976 2526 1168 2613 expositum.

434 2635 618 2694 »Sutcurnus
639 2629 825 2692 Saturnus«
870 2628 968 2692 Paull.
989 2651 1022 2716 p.
1043 2633 1112 2697 323.
1134 2629 1174 2692 cl.
1196 2630 1284 2697 Fest.
1305 2654 1334 2699 v.
1347 2631 1404 2694 Sa-

350 2748 447 2798 turno
469 2755 501 2819 p.
523 2737 603 2796 325:
643 2730 718 2818 »qui
745 2730 823 2795 deus
850 2731 883 2794 in
905 2730 1079 2795 Saliaribus
1104 2735 1270 2796 Suteurnns
1299 2734 1403 2796 norni-

350 2849 444 2900 natur
465 2833 614 2898 videlicet
634 2856 651 2897 a
674 2833 860 2897 sationibus.
904 2829 959 2901 Cf.
980 2832 1093 2901 Muell.
1114 2845 1183 2898 not.

432 2942 559 3021 Sesopic
590 2937 623 2999 in
650 2936 802 3022 Augurali
831 2948 863 3000 et
888 2940 1005 3000 Sulrbri
1028 2935 1172 3000 carmine
1198 2936 1403 3023 appellantur

350 3066 433 3131 quae
466 3041 542 3105 alias
574 3044 677 3124 csopin
708 3061 778 3125 pro
801 3043 945 3103 sedilibus
980 3037 1086 3101 dicere
1118 3036 1278 3103 habemus
1314 3063 1400 3102 nunc

351 3145 457 3210 adhuc
478 3143 511 3206 in
532 3140 776 3205 consuetudine.
817 3141 901 3205 Fest.
922 3164 955 3228 p.
976 3147 1046 3205 290.
1068 3139 1122 3204 Sic
1143 3141 1290 3206 Ursinius
1310 3153 1402 3206 acute

349 3246 510 3335 sup'plevit
530 3266 681 3308 nrancam
702 3241 841 3328 glossam
864 3244 1008 3307 ePlauto
1021 3242 1208 3311 'l'ruculent
1230 3247 1272 3321 ΙΙ,
1293 3251 1323 3323 8,
1346 3245 1400 3307 ubi

349 3351 465 3439 legitur
492 3354 607 3434 asupio.
651 3347 700 3410 lle
728 3345 817 3409 litera
839 3373 856 3410 s
877 3345 910 3408 in
930 3345 1037 3430 fronte
1064 3347 1210 3432 apposita
1237 3347 1277 3411 cl.
1300 3348 1400 3413 Gutb.

347 3477 379 3541 p.
409 3460 477 3520 155.
527 3449 681 3516 Ceterum
715 3455 817 3533 asapia
845 3460 878 3512 et
902 3456 1023 3535 sesopia
1048 3451 1089 3514 ad
1122 3450 1259 3514 verbum
1285 3475 1396 3534 supurs

347 3555 518 3621 referenda
544 3554 693 3617 ridentur
713 3551 753 3615 cl.
776 3575 804 3615 v.
824 3559 983 3636 prosapia,
1015 3565 1047 3617 et
1067 3553 1108 3617 ad
1129 3560 1227 3617 avium
1247 3551 1279 3615 ni
1302 3549 1399 3614 fallor

347 3658 454 3723 sedilia
475 3658 610 3737 (Varro.
633 3655 723 3718 R.R.
749 3655 804 3729 ΙΙΙ,
830 3659 863 3731 5)
884 3667 1038 3740 spectant.
1081 3655 1134 3719 Sic
1155 3655 1242 3718 enim
1263 3653 1400 3718 verbum

345 3767 423 3825 sellu
444 3760 476 3823 in
493 3757 614 3823 Sabidii
635 3755 871 3821 commentario
891 3757 1047 3844 scriptum
1069 3768 1125 3835 est,
1146 3757 1201 3821 ubi
1221 3756 1400 3844 tripudium

346 3861 548 3928 sollistimum
571 3883 626 3924 seu
651 3864 794 3922 sonivium
817 3872 991 3923 enarratur.
1045 3857 1100 3924 Cf.
1122 3881 1218 3946 supra
1239 3871 1308 3929 not.
1333 3866 1400 3940 tut,

347 3986 449 4053 quum
471 3962 659 4051 praesertim
683 3960 779 4025 etiarn
806 3983 889 4048 quae
909 3962 1054 4048 sequitur
1074 3963 1161 4048 apud
1182 3963 1316 4026 Festum
1336 3985 1399 4025 vox

346 4074 457 4132 sonicio
485 4066 526 4129 ad
549 4064 712 4130 Saliorum
744 4063 874 4149 auguria
902 4075 1046 4150 spectare
1077 4063 1233 4128 videatur.
1288 4061 1342 4126 Cf.
1369 4086 1397 4126 v.

343 4185 520 4255 prospectes,
540 4168 687 4250 assolunt·
