3400 5042
846 493 898 569 90

339 672 461 739 exitum
483 669 619 747 imbres,
645 668 701 746 ait,
722 679 755 732 et
775 680 984 758 tempestates
1007 669 1184 735 desinere«
1228 673 1271 735 at
1290 670 1401 758 paullo

339 774 421 838 infra
454 771 624 860 apparebit
654 782 724 837 tum
757 771 899 836 maxime
933 772 1083 859 incipere.
1137 772 1186 837 Sit
1211 784 1320 837 tamen
1342 772 1400 849 ita;

340 875 419 963 quid
440 874 573 939 tandem
596 873 656 937 sibi
679 872 747 936 vult
769 873 859 960 quod
887 872 1005 939 habet:
1039 897 1126 937 »non
1154 874 1294 962 amplius
1323 886 1401 938 tunc

338 976 418 1042 udas
439 976 547 1062 fruges
570 974 646 1039 solis
672 985 762 1039 aestu
788 975 882 1062 perdi
909 998 1007 1062 posse
1018 978 1050 1039 ἴα
1095 975 1198 1060 Quasi
1225 999 1303 1040 vero
1331 975 1400 1039 lues

338 1103 395 1144 seu
416 1077 531 1164 robigo
558 1100 626 1142 non
655 1099 721 1140 uno
750 1074 892 1142 humore
919 1076 1077 1141 imbrium
1102 1077 1204 1141 nimio
1233 1076 1400 1154 efficiatur,

339 1182 410 1267 ipso
439 1179 514 1244 solis
542 1178 750 1265 potissimum
778 1190 908 1242 aestua
936 1179 1032 1265 spicis
1060 1178 1264 1247 defendatur.
1309 1178 1399 1263 Quid

337 1286 461 1370 porro?
488 1281 551 1345 Pro
574 1283 642 1361 ejus
665 1281 821 1343 sententia
843 1281 899 1343 ubi
921 1282 987 1361 jam
1009 1281 1087 1344 abiit
1108 1280 1187 1344 illud
1208 1280 1400 1368 periculum,

336 1397 408 1450 tum
437 1384 571 1448 demum
599 1383 631 1446 id
658 1383 765 1468 ipsum
792 1382 962 1468 deprecari
989 1395 1169 1468 coeperunt
1194 1383 1310 1447 fratres
1338 1384 1400 1446 Ar-

336 1488 433 1562 vales,
458 1510 500 1550 ne
523 1486 591 1549 lues
613 1485 755 1548 incurrat
777 1485 938 1562 inflores,
961 1508 1062 1571 quum
1086 1485 1154 1548 sani
1178 1485 1340 1562 homines,
1363 1485 1395 1547 ni

337 1590 447 1666 fallor,
483 1588 675 1675 priusquam
706 1586 842 1664 irruant,
882 1589 966 1651 mala
996 1588 1099 1651 asuis
1126 1587 1223 1651 rebus
1252 1599 1398 1650 avertere

335 1692 494 1757 studeant.
544 1688 645 1774 Quod
677 1689 818 1751 sentiens
851 1687 1044 1752 Clausenius
1076 1688 1201 1753 bellum
1232 1701 1397 1775 praeterea

336 1793 511 1859 affirmavit
531 1803 672 1877 agrestes
693 1790 877 1854 sacerdotes
901 1792 1091 1877 deprecatos
1107 1814 1186 1868 esse,
1207 1815 1278 1855 nea
1291 1793 1398 1856 Marte

335 1893 557 1961 abominando
595 1892 839 1978 furibundoque
876 1915 937 1977 per
972 1917 1121 1958 serenam
1160 1905 1397 1981 tempestatem,

334 1997 494 2062 imbribus
516 1994 682 2081 turbisque
705 1994 953 2081 quiescentibus,
982 1995 1180 2074 excitaretur,
1202 2007 1234 2060 et
1253 2018 1397 2059 messem

333 2097 567 2188 pessumdaret.
614 2097 703 2183 Ergo
731 2095 840 2183 primo
868 2097 1017 2161 carminis
1047 2121 1141 2162 versu
1168 2098 1283 2162 fratres
1304 2097 1396 2162 luem

334 2200 375 2266 ab
398 2199 558 2263 imbribus
579 2211 725 2263 metuere
747 2198 912 2276 videntur,
938 2200 1082 2264 secundo
1103 2199 1227 2264 bellum
1249 2198 1397 2263 Martiale

334 2327 352 2368 a
374 2325 487 2367 serena
509 2299 724 2389 tempestate?
756 2299 926 2363 Faciamus
947 2324 1026 2378 esse,
1049 2301 1139 2389 quod
1151 2325 1250 2366 nemo
1263 2301 1396 2366 credere

332 2416 460 2494 potest;
503 2414 535 2467 at
561 2425 624 2491 qua
657 2402 790 2466 tandem
822 2401 946 2465 ratione
975 2403 1074 2467 Lares
1103 2415 1135 2468 et
1161 2404 1321 2468 Semones
1348 2426 1397 2466 se-

333 2506 504 2595 quentibus
535 2506 680 2570 versibus
720 2503 887 2591 indigetari
924 2517 1181 2570 consentaneum
1213 2509 1280 2570 est?
1332 2506 1397 2568 Re·

334 2607 476 2696 spondet
507 2605 717 2673 Clausenius:
771 2606 933 2694 »primum
967 2606 1111 2672 invocari
1155 2606 1298 2673 carmine
1332 2607 1396 2671 fra-

331 2723 420 2775 trum
442 2709 610 2774 Arvalium
633 2709 746 2786 Lares,
773 2721 821 2787 ut,
855 2709 915 2772 nisi
938 2721 1055 2796 sponte
1077 2733 1095 2774 a
1118 2710 1205 2775 bello
1226 2709 1318 2774 Mars
1340 2709 1395 2773 de-

333 2813 437 2890 sistat,
469 2835 543 2875 eum
567 2810 764 2886 delendant3
797 2811 950 2899 quicum
977 2811 1075 2877 Marti
1102 2835 1198 2901 pares
1226 2811 1393 2899 inpugna

332 2936 401 2978 non
435 2913 512 2992 sint,
544 2912 631 2976 aliud
663 2912 862 3000 praesidium
894 2913 1078 3000 parandum
1111 2937 1179 2979 esse
1211 2915 1394 2980 Semonum

332 3039 395 3103 ope
407 3022 462 3094 ⁸).‹¹
506 3016 558 3078 En
584 3014 755 3101 magnilica
790 3015 929 3081 deorum
957 3038 1083 3103 pugna,
1116 3039 1229 3103 quam,
1267 3016 1395 3103 opinor,

331 3119 448 3182 fratres
471 3118 603 3181 Arvales
626 3117 763 3181 excitare
786 3117 959 3182 volebant!
1003 3121 1151 3182 »Tamen
1172 3120 1330 3196 Martem,
1357 3132 1393 3183 ut

331 3222 364 3284 in
387 3222 477 3284 Deae
500 3219 579 3284 Diae
601 3219 761 3306 templum
784 3221 881 3284 intret
902 3231 935 3284 et
955 3243 1071 3306 pacem
1093 3245 1168 3286 cum
1191 3221 1251 3286 diis
1273 3219 1393 3286 Cerea-

331 3322 416 3387 libus
449 3333 641 3409 componat,
673 3322 834 3387 invitant.“
877 3324 921 3386 At
941 3345 1020 3387 mox
1046 3323 1229 3389 videbimus
1256 3348 1295 3388 ex
1316 3324 1392 3410 ipsis

389 3559 416 3630 ⁸)
435 3563 509 3617 Mars
528 3563 669 3637 invocatur
686 3561 830 3616 secuudum
849 3562 974 3617 Clausen.
993 3584 1018 3634 p.
1037 3564 1087 3618 37:
1115 3577 1145 3618 ut
1166 3578 1291 3620 coerceat
1313 3564 1392 3628 luem,

432 3663 461 3704 ut
481 3649 587 3704 desinat
604 3651 702 3714 furere,
721 3663 750 3704 ut
768 3650 902 3705 desistata
919 3652 1100 3714 verberando,
1117 3665 1146 3707 ut
1163 3652 1191 3707 in
1201 3654 1281 3709 tretiu
1291 3654 1392 3718 aedem,

433 3752 461 3792 ut
478 3759 569 3811 pacem
587 3738 703 3810 denique
722 3750 864 3810 componat
887 3740 920 3793 cl'·
940 3759 965 3811 p.
982 3737 1026 3805 26,
1042 3759 1068 3810 p.
1086 3739 1130 3804 63,
1146 3760 1172 3813 p.
1191 3742 1232 3795 77.
1269 3742 1391 3796 Ceterum

431 3826 587 3880 Clausenius
605 3838 688 3881 totam
698 3825 809 3880 Mariuii
826 3827 986 3881 sententiam
1004 3827 1141 3900 expressit,
1158 3827 1211 3882 nisi
1221 3829 1392 3902 quodpugna

432 3928 459 3970 et
476 3935 542 3987 pace
560 3913 607 3968 illa
625 3914 732 3968 deorum
758 3913 849 3968 addita
871 3914 1033 3987 depravavit.
1069 3915 1171 3972 Scribit
1191 3918 1294 3973 Marini
1312 3920 1344 3971 ll.
1364 3939 1390 3990 p.

429 4003 497 4058 604:
532 4001 626 4057 »Sazio
648 4000 802 4056 d'insuriare
826 4021 843 4056 o
869 4004 966 4067 Marte,
993 4005 1060 4059 salta
1083 4005 1103 4058 il
1126 4005 1239 4061 limitare
1262 4005 1321 4076 (del
1343 4020 1390 4061 tuo

431 4088 559 4164 Tempio)
583 4089 689 4145 estatti
715 4092 823 4145 sermo«
869 4091 907 4146 At
929 4091 964 4146 de
987 4092 1061 4163 bello
1088 4106 1116 4148 et
1140 4095 1251 4150 foedere
1279 4095 1389 4150 deorum

430 4181 524 4236 doctus
542 4178 674 4234 Marinius
697 4178 804 4233 minime
828 4177 971 4249 cogitavit,
999 4180 1116 4253 quamvis
1134 4194 1163 4238 et
1180 4183 1214 4239 de
1231 4183 1326 4238 Martis
1344 4202 1390 4236 ua-

429 4281 487 4323 turs
505 4269 583 4324 etde
601 4268 725 4324 carminis
742 4267 831 4322 verbis
850 4289 909 4324 curn
927 4268 985 4324 aliis
1003 4268 1139 4327 erraverit.
