3400 5042
815 455 887 567 aei

320 692 386 734 non
408 670 473 749 jem
495 677 642 733 accurate
665 666 742 731 olim
766 665 920 731 discretus
942 689 1006 730 une
1032 667 1376 754 comprehenderetur,

318 770 542 858 propinquum
569 768 646 832 illud
675 766 808 855 quidem
835 768 945 854 paullo
973 767 1096 833 elatiori
1124 781 1156 834 et
1182 793 1376 835 numerosae

320 872 456 937 orationi
473 868 648 958 prosaicae,
670 881 767 956 prout
778 891 874 955 supra
887 868 1026 933 vidimus
1038 894 1054 933 a
1068 872 1164 934 sacris
1177 871 1374 936 carminibus

319 972 532 1061 formulisque
554 969 813 1059 antiquissimum
836 970 1022 1035 orationum
1050 994 1150 1056 genus
1173 970 1259 1037 heud
1282 973 1374 1038 valde

283 1136 286 1142 ,
320 1073 482 1139 diversum
505 1070 611 1137 fuisse.

339 1215 344 1220 ’
402 1225 528 1291 Tamen
552 1245 591 1287 ne
614 1221 658 1287 sic
685 1219 818 1309 quidem
850 1220 921 1286 huic
946 1220 1216 1308 argumentationi
1243 1247 1281 1288 ex
1308 1222 1375 1310 ipsa

324 1351 360 1391 re
385 1325 498 1392 ductae
521 1322 734 1401 confiderem,
766 1321 825 1388 nisi
847 1321 911 1387 hoc
933 1322 1100 1387 accederet
1125 1323 1376 1390 ratiocinationis

323 1428 551 1515 specimen‘ac
574 1425 827 1492 firmamentum.
870 1425 956 1488 Nam
986 1448 1087 1512 quum
1114 1424 1172 1487 viri
1201 1425 1375 1489 doctissimi

322 1555 391 1594 non
412 1528 515 1616 pauci,
538 1541 573 1592 ut
594 1527 744 1615 reliquias
766 1539 967 1591 vetustorum
984 1526 1165 1590 carminum
1184 1527 1375 1591 Latinorum

324 1633 363 1697 ad
395 1654 547 1696 normam
575 1629 717 1694 Saturnii
752 1653 863 1693 versus
888 1652 966 1692 ase
993 1641 1048 1692 aut
1078 1628 1283 1692 constitutam
1323 1643 1377 1692 aut

320 1735 493 1822 probatam
530 1733 721 1819 dirigerent,
769 1731 962 1812 conjecturis
994 1732 1095 1816 magis
1126 1743 1295 1796 atrctorum
1329 1733 1377 1795 in-

320 1837 452 1925 genium
491 1859 590 1923 quam
623 1834 669 1898 rei
702 1833 800 1898 fidem
838 1833 1055 1920 probantibus
1094 1857 1210 1920 magna
1249 1835 1374 1897 licentia

320 1937 528 2013 indulserint,
570 1935 609 2000 ad
632 1935 690 2000 has
716 1947 840 2012 nostras
872 1934 999 1998 numeri
1032 1936 1156 1999 formas
1190 1935 1374 2023 quicunque

319 2051 493 2128 supersunt
515 2062 622 2104 versus
644 2037 786 2104 Saturnii
813 2049 929 2124 sponte
955 2037 1112 2103 accedunt
1137 2050 1169 2102 et
1189 2062 1376 2102 accommo-

320 2146 450 2220 dantur,
471 2141 514 2207 ita
535 2153 572 2206 ut
592 2141 686 2205 nullis
708 2140 844 2205 omnino
866 2139 1114 2218 mutationibus,
1139 2140 1376 2217 additamentis,

262 2280 263 2284 ,
320 2244 513 2326 conjecturis
553 2266 636 2331 opus
668 2242 715 2312 sit.
779 2242 870 2327 Quin
910 2241 1008 2307 etiam
1041 2254 1073 2306 et
1103 2243 1213 2331 plures
1250 2243 1375 2330 integri,

321 2371 418 2436 quam
441 2346 498 2412 viri
517 2344 604 2410 docti
622 2344 681 2409 sibi
700 2343 859 2410 invenisse
876 2342 933 2407 visi
951 2356 1026 2409 sunt
1039 2344 1124 2432 apud
1139 2345 1375 2432 grammaticos,

319 2462 351 2513 et
372 2446 596 2513 concinniores
619 2446 799 2535 meliusque
821 2457 972 2511 sonantes
995 2445 1056 2512 hac
1084 2447 1220 2534 simplici
1248 2447 1374 2512 ratione

320 2576 354 2617 se
381 2550 540 2639 praebant
566 2549 659 2613 nobis
689 2548 829 2615 Saturnii
860 2571 986 2625 versus,
1023 2571 1125 2637 quum
1157 2549 1225 2614 fere
1254 2549 1374 2639 ubique

319 2651 471 2718 naturalis
496 2651 671 2715 verborum
699 2661 847 2715 accentus
874 2673 949 2715 cum
975 2649 1091 2715 ictibus
1117 2675 1270 2715 versuum
1300 2675 1375 2715 con-

320 2755 418 2842 spiret
434 2759 481 2832 ¹⁸).

404 2904 514 2991 ltaque
537 2927 576 2967 cx
598 2901 751 2966 omnibus
782 2900 933 2988 deinceps
963 2902 1094 2966 vetustis
1121 2902 1287 2966 literarum
1316 2904 1376 2966 La-

321 3007 461 3071 tinarum
500 3003 737 3079 monumentis,
781 3027 922 3091 quorum
955 3017 1040 3069 certa
1073 3017 1121 3069 est
1148 3017 1179 3068 et
1206 3017 1374 3091 perspecta

320 3108 500 3185 auctoritas,
521 3119 557 3172 ut
573 3132 590 3172 e
609 3104 804 3171 carminibus
823 3106 984 3173 Saliorum
1003 3121 1035 3171 et
1050 3108 1185 3172 fratrum
1198 3108 1375 3184 Arvalium,

319 3212 510 3299 Scipionum
532 3209 631 3274 titulis
653 3208 894 3296 sepulcralibus,
916 3209 997 3273 Livii
1020 3211 1196 3274 Andronici
1221 3209 1376 3297 Odyssea,

318 3314 432 3378 Naevii
460 3313 601 3376 carmine
624 3312 663 3375 de
687 3311 773 3375 hello
802 3312 925 3374 Punico
952 3312 1074 3398 primo,
1105 3325 1203 3398 prout
1228 3313 1374 3377 thesibus

320 3417 447 3480 omissis
469 3415 553 3479 varia
575 3413 758 3478 alliciuntur
779 3435 912 3498 genera,
933 3439 1044 3479 versus
1067 3417 1236 3479 Saturnios
1258 3416 1375 3480 adscri-

319 3520 412 3595 bam,
444 3517 569 3582 omissis
591 3515 651 3579 illis
673 3538 754 3603 quae
777 3515 817 3584 ad
839 3539 990 3580 normam
1005 3541 1029 3581 a
1051 3519 1268 3604 grammaticis
1295 3520 1377 3583 anti·

320 3620 390 3708 quis
411 3621 642 3706 praescriptam
665 3617 835 3706 quadrant.

320 3809 530 3819 -----——

365 3922 400 3991 ¹⁸)
419 3923 461 3976 De
486 3925 594 3997 proprio
619 3925 666 3980 illo
688 3923 832 3980 verborum
865 3936 976 3980 accentu
999 3925 1068 3979 bene
1094 3927 1196 3981 monuit
1217 3929 1244 3980 J.
1267 3928 1374 3983 Caesar.

421 4010 553 4079 (Zeitsclr.
572 4016 614 4068 tar
632 4014 833 4069 AlterthumsW.
853 4013 927 4066 1845.
950 4014 1002 4066 No.
1021 4015 1078 4066 107.
1097 4036 1121 4086 p.
1139 4015 1204 4084 850)
1223 4016 1268 4090 qui
1286 4040 1376 4091 repre-

419 4100 516 4154 hendit
538 4101 654 4157 Godolr.
681 4102 832 4156 Hermanni
855 4102 1012 4156 sententiam
1037 4101 1168 4174 (Epitom.
1191 4105 1275 4160 doctr.
1300 4121 1373 4161 metr.

420 4211 445 4260 p.
463 4188 615 4258 blb-bbd)
633 4212 684 4262 qua
701 4190 779 4260 magis
799 4211 949 4246 numerasse
971 4212 1047 4262 quarn
1071 4192 1234 4263 ponderasse
1252 4194 1375 4268 antiquos

420 4277 534 4348 syllabas
553 4277 691 4334 existimet.
