3400 5042
816 497 880 573 87.

319 673 379 737 diis
401 684 433 736 et
454 673 495 736 de
516 671 718 759 temporibus
741 669 939 734 solemnium
966 670 1129 756 agendum
1156 667 1216 732 nisi
1238 667 1376 732 alterum

318 775 396 837 illud
420 785 516 860 caput
536 775 601 854 jam
623 772 841 857 disputatione
864 772 1019 837 deMarte
1036 772 1179 836 instituta
1190 769 1376 833 absolutum

318 898 435 961 magna
458 899 496 939 ex
517 887 609 962 parte
631 875 802 951 videretur,
824 898 926 962 quum
949 875 1024 939 inde
1040 874 1128 937 haud
1145 871 1276 935 difficile
1288 894 1378 935 com·

319 979 425 1042 munis
448 989 562 1041 natura
584 979 731 1064 ratioque
754 979 820 1056 ejus
843 977 984 1040 numinis
1012 999 1087 1039 cum
1116 976 1186 1037 Dea
1215 973 1293 1049 ltia,
1320 973 1378 1037 Se·

319 1081 482 1156 monibus,
504 1079 648 1157 Laribus,
676 1078 790 1142 ceteris
813 1081 867 1166 qui
890 1103 906 1142 a
929 1077 1083 1142 fratribus
1106 1076 1277 1140 Arvalibus
1298 1075 1377 1138 ado·

320 1181 381 1244 rari
405 1181 552 1244 solebant
574 1181 633 1244 diis
658 1181 882 1268 perspiciatur.

401 1285 533 1347 Praeter
564 1295 669 1346 cetera
702 1283 798 1368 igitur
828 1307 896 1346 non
923 1305 1023 1369 pauca
1056 1304 1222 1344 summum
1254 1279 1377 1342 horum

321 1397 386 1450 crat
414 1385 575 1462 officium,
602 1409 688 1448 sacra
713 1388 801 1448 Deae
824 1386 919 1460 Iliae,
952 1410 968 1448 a
993 1385 1146 1468 magistro
1174 1382 1298 1468 collegii
1319 1383 1377 1445 Ja-

321 1488 432 1552 nuario
459 1512 571 1551 mense
595 1488 626 1550 in
655 1500 756 1550 certas
779 1488 856 1567 Maji
885 1488 953 1550 dies
983 1487 1115 1562 indicta,
1154 1507 1310 1570 peragere
1339 1507 1375 1546 ea

320 1591 458 1670 ratione,
496 1613 558 1676 qua
586 1591 618 1652 in
653 1591 759 1653 tabula
794 1590 1038 1676 quadragesima
1072 1588 1158 1674 apud
1191 1586 1376 1660 Matinium,

319 1694 425 1778 primo
452 1716 537 1755 anno
572 1692 759 1778 imperantis
790 1691 957 1777 Elagabali
985 1695 1069 1771 (218.
1091 1714 1123 1775 p.
1147 1687 1227 1769 Ch.)
1259 1688 1376 1772 scripta

319 1795 501 1882 expositum
524 1805 571 1856 est
593 1799 630 1873 ²).
687 1794 764 1877 Quo
794 1794 826 1857 in
854 1817 972 1880 genere
1000 1805 1085 1856 recte
1114 1790 1376 1855 animadversum

319 1910 366 1961 est
387 1922 404 1960 a
427 1895 568 1960 Marinio
591 1908 622 1959 et
645 1895 835 1973 Clausenio,
867 1896 928 1958 lios
956 1896 1035 1959 ritus
1057 1895 1097 1958 ab
1118 1891 1378 1969 Ambarvalibus,

319 1999 437 2086 quibus
469 2021 563 2083 agros
594 2021 670 2060 suos
695 1998 941 2084 patresfamilias
974 1998 1158 2071 lustrarent,
1201 1995 1377 2074 disjunctos

318 2102 424 2178 luisse,
445 2122 551 2188 neque
574 2098 659 2162 aliud
682 2100 785 2163 simile
807 2100 1017 2176 intercedere,
1039 2122 1138 2186 quam
1155 2097 1243 2185 quod
1257 2107 1331 2159 vota
1343 2095 1377 2158 in

320 2203 462 2290 utrisque
484 2225 545 2289 pro
568 2224 721 2287 agrorum
743 2203 845 2266 salute
869 2202 951 2265 lacta
979 2203 1168 2266 habeamus.
1208 2199 1376 2284 Quaeren-

318 2306 404 2369 tibus
426 2327 526 2391 porro
550 2304 658 2380 nobis,
692 2327 852 2391 quaenam
875 2304 972 2368 luerit
996 2304 1048 2367 illa
1071 2302 1157 2390 apud
1180 2302 1296 2366 fratres
1318 2303 1378 2363 Ar·

318 2407 405 2471 vales
428 2408 497 2470 Dea
520 2408 595 2484 Dia,
628 2430 694 2469 non
718 2406 845 2493 Opem,
878 2429 938 2469 nec
960 2404 1134 2482 Cererem,
1166 2427 1226 2467 nec
1247 2404 1376 2466 Bonam

320 2511 426 2573 Deam
449 2508 546 2572 suisse
570 2508 644 2570 inde
666 2507 758 2572 lacile
780 2509 952 2594 probatur,
985 2506 1074 2594 quod
1102 2506 1220 2570 harum
1243 2505 1375 2568 nomina

319 2635 360 2675 ne
384 2611 416 2674 in
434 2635 496 2674 una
515 2610 647 2697 quidem
665 2611 814 2674 omnium
831 2611 993 2696 sexaginta
1012 2609 1196 2672 tabularum
1214 2609 1375 2694 leguntur.

320 2711 445 2777 Contra
468 2724 501 2776 et
521 2712 685 2798 plerisque
706 2712 739 2776 in
761 2713 877 2777 tabulis
903 2712 1059 2798 legimus:
1090 2711 1216 2776 Junoni
1244 2732 1376 2774 vaccam

317 2903 527 2912 ...---

421 3020 489 3075 arvis
507 3021 600 3076 fratres
618 3016 719 3076 arvales
737 3021 808 3077 dicti.
846 3023 917 3076 Sunt
935 3023 979 3095 qui
995 3044 1009 3076 a
1028 3023 1118 3076 fratria
1135 3022 1267 3076 dixerunt.
1303 3021 1375 3074 Plin.

421 3111 457 3162 H.
476 3110 511 3162 N.
529 3110 635 3174 XVlll,
652 3113 693 3164 2:
730 3111 861 3166 Arvorum
879 3112 1030 3166 sacerdotes
1049 3111 1176 3165 Romulus
1198 3108 1318 3182 inprimis
1336 3109 1377 3162 in-

420 3196 505 3251 stituit
528 3219 608 3269 seque
636 3199 820 3253 duodecimum
847 3201 954 3253 fratrem
980 3198 1121 3272 appellavit
1140 3200 1211 3253 inter
1237 3199 1311 3262 illos,
1341 3199 1375 3252 ab

422 3286 492 3341 Acca
509 3286 636 3341 Larentia
653 3288 757 3342 nutrice
775 3309 821 3342 sua
838 3288 953 3358 genitos,
980 3288 1068 3361 spicea
1085 3307 1199 3354 corona,
1226 3306 1292 3358 quae
1309 3287 1376 3340 vitta

421 3374 482 3428 alba
500 3373 682 3444 colligaretur,
709 3375 737 3428 in
755 3376 908 3430 sacerdotio
933 3377 969 3429 eis
987 3396 1038 3448 pro
1061 3374 1256 3446 religiosissimo
1279 3374 1376 3445 insigni

421 3463 494 3526 data,
522 3484 588 3534 quae
610 3464 693 3535 prima
716 3464 788 3536 apud
810 3466 948 3518 Romanos
972 3465 1021 3519 luit
1042 3484 1160 3520 corona:
1193 3464 1335 3535 honosque
1354 3462 1375 3518 is

421 3551 530 3605 nonnisi
554 3552 607 3605 vita
634 3550 736 3615 finitur,
771 3565 797 3606 et
824 3552 927 3613 exsules
951 3554 1030 3607 etiam
1055 3565 1200 3626 captosque
1226 3553 1375 3608 comitatur.

421 3641 550 3710 Har-tung.
570 3639 630 3693 Rel.
650 3642 727 3695 Rom.
746 3641 767 3704 Ι,
785 3640 827 3694 65.
846 3654 873 3695 et
890 3642 923 3705 II,
942 3642 999 3694 145.

377 3739 402 3809 ²)
424 3740 523 3795 llllarini
541 3741 577 3812 gli
599 3742 852 3798 Attiemonumenti
870 3743 912 3797 de’
931 3743 1029 3798 fratelli
1042 3744 1141 3798 Arvali.
1160 3745 1187 3798 in
1198 3746 1282 3798 Roma
1300 3744 1374 3798 1795.

420 3851 444 3899 p.
462 3831 520 3883 523.
539 3830 597 3883 Tab
616 3831 688 3894 XLI,
707 3853 729 3884 a.
750 3845 776 3886 et
794 3833 818 3884 b.
838 3853 904 3904 quae
922 3833 1013 3886 tabula
1031 3834 1148 3886 omnium
1165 3833 1376 3889 luculentissima

422 3919 533 3973 inventa
550 3938 622 3971 anno
642 3920 717 3973 1778.
754 3919 948 3976 Indicebantur
966 3943 1040 3976 sacra
1057 3922 1137 3976 modo
1156 3943 1178 3975 a.
1190 3922 1215 3974 d.
1237 3923 1282 3975 III.
1301 3922 1374 3976 Non.

420 4006 580 4069 dammodo
600 4028 621 4059 a.
642 4007 666 4060 d.
686 4008 712 4059 V
714 4009 735 4060 I.
754 4009 822 4072 Idus,
842 4010 923 4064 modo
941 4011 1027 4082 pridie
1045 4011 1124 4075 Idus3
1142 4011 1232 4082 peragi
1249 4011 1376 4066 solebant

421 4106 466 4148 aut
484 4116 505 4146 a.
525 4094 549 4146 d.
567 4094 643 4162 XVI,
662 4096 735 4160 XIV,
754 4098 828 4150 XIII.
865 4097 1016 4161 Caldam,
1036 4099 1109 4152 utin
1127 4099 1261 4171 plerisque
1278 4099 1376 4170 legitur

419 4180 525 4245 tabulis,
544 4195 588 4236 aut
606 4204 628 4236 a.
647 4183 672 4236 d.
691 4183 740 4248 VI,
758 4184 805 4251 IV,
824 4182 879 4238 ΙΙΙ.Ι
911 4185 967 4239 cal.
985 4187 1047 4240 Jun.
1081 4185 1122 4241 CI.
1141 4187 1243 4244 Marini
1261 4188 1375 4243 Praelat.

420 4292 446 4342 p.
464 4271 563 4324 XXIX.
