3400 5042
811 509 882 580 161

319 686 425 773 deque
448 687 485 749 iis
508 688 627 751 Plinius
644 688 689 750 sic
706 687 866 773 loquitur:
889 682 1067 749 »Carmina
1079 683 1241 771 quaedam
1254 696 1379 749 exstant

319 801 431 853 contra
453 791 623 874 grandines
645 800 821 877 contraque
842 789 1037 852 morborum
1059 808 1176 873 genera
1198 798 1377 873 contraque

320 892 484 969 ambusta,
512 891 673 978 quaedam
695 892 790 955 etiam
814 902 963 976 experta:
995 888 1052 952 sed
1074 888 1247 974 prodendo
1270 890 1378 953 obstat

319 993 431 1080 ingens
454 993 677 1058 verecundia«
723 995 824 1074 Hujus
846 993 974 1078 generis
995 991 1170 1055 incantatio
1192 991 1307 1078 scripta
1331 1004 1379 1055 est

318 1095 405 1181 apud
428 1097 633 1160 Varronem:

401 1197 463 1261 Nc.
486 1204 537 1263 45.
622 1201 716 1262 Terra
734 1212 850 1283 pestem
873 1213 982 1277 teneto,
1002 1203 1088 1260 salus
1109 1202 1158 1260 lu’c
1178 1213 1294 1261 maneto
1303 1204 1337 1276 ⁴),

319 1298 373 1360 ubi
396 1305 551 1363 numerus
574 1297 721 1364 Creticus
743 1312 860 1387 sponte
882 1301 912 1362 vi
935 1323 972 1364 ac
993 1298 1141 1386 pondere
1163 1298 1238 1363 dicti
1260 1322 1379 1386 provo·

319 1410 407 1463 catus
429 1424 498 1464 esse
520 1401 657 1467 videtur.

403 1501 616 1590 Quamquam
653 1504 810 1592 pleraque
846 1502 1036 1585 hujusmodi
1068 1502 1119 1567 vel
1158 1503 1295 1567 obscura
1327 1505 1378 1568 vel

319 1626 417 1679 sensu
439 1604 534 1690 plane
557 1606 697 1670 carentia
726 1617 914 1693 praecepta,
946 1605 1104 1682 carmina,
1135 1604 1379 1684 incantationes,

320 1704 431 1792 quales
460 1703 545 1771 Cato
574 1718 606 1770 et
633 1709 739 1771 Varro
768 1718 939 1772 servarunt
952 1712 992 1786 ⁵),
1034 1727 1102 1770 non
1134 1707 1236 1791 magis
1264 1709 1379 1794 poesin

320 1819 451 1893 tangere
474 1807 623 1872 videntur
645 1831 745 1896 quarn
767 1809 847 1874 sacri
869 1809 948 1890 juris
965 1820 997 1872 et
1013 1807 1296 1872 consecrationum
1313 1809 1380 1872 sor·
1461 1853 1463 1857 -

320 1908 437 1974 mulae.
491 1909 607 1997 Neque
641 1912 815 1976 sententias
850 1921 1088 1998 praeceptaque
1120 1909 1161 1972 ad
1193 1909 1379 1974 animorum

319 2022 442 2074 rectam
465 2009 665 2096 disciplinam
689 2012 866 2098 spectantia
889 2011 1032 2076 abluisse
1054 2012 1094 2074 ab
1113 2011 1244 2098 antiqua
1257 2013 1380 2076 Roma-

320 2134 440 2176 norum
463 2112 553 2199 poesi
576 2113 725 2199 populari
750 2114 947 2200 conspicitur
969 2137 986 2177 e
1007 2111 1126 2188 Gellio,
1148 2113 1202 2199 qui
1225 2112 1258 2175 in
1280 2114 1381 2177 unde-

321 2216 406 2278 cimo
420 2215 595 2279 Annalium
607 2215 829 2280 Maximorum
848 2216 933 2280 libro
951 2215 1109 2300 scripturn
1125 2215 1256 2292 invenit,
1278 2238 1380 2302 quum

320 2317 488 2404 quondam
516 2316 703 2403 haruspices
732 2319 858 2382 Etrusci
885 2317 1048 2404 populum
1078 2317 1267 2380 Romanum
1297 2317 1380 2381 salso

322 2418 362 2482 de
384 2430 484 2483 statua
509 2419 633 2484 Horatii
657 2418 792 2507 Coclitis
814 2442 972 2506 responso
995 2418 1199 2504 decepissent
1216 2419 1380 2484 etlraudis

322 2521 460 2584 convicti
482 2521 678 2607 supplicium
700 2521 783 2607 passi
812 2532 934 2598 essent,
965 2520 1054 2584 hunc
1075 2543 1092 2585 a
1114 2520 1224 2606 pueris
1249 2544 1381 2586 versum

320 2623 396 2686 scite
418 2622 541 2686 factum
564 2634 596 2687 et
617 2634 683 2688 tota
706 2624 788 2687 urbe
811 2634 976 2687 cantatum
999 2646 1084 2686 esse:

405 2725 467 2788 No,
489 2730 539 2789 46.
623 2731 741 2790 Malrim
763 2731 918 2790 consilium
939 2729 1103 2789 consultori
1114 2730 1275 2809 pessimum
1291 2732 1380 2805 έείῧ).

322 2849 421 2912 quem
444 2849 573 2891 versum
596 2828 738 2892 indicare
764 2828 973 2906 crediderim,
1005 2826 1192 2912 complures
1221 2830 1380 2907 ejusmodi

321 2930 492 2992 sententias
515 2930 736 3015 proverbiales
748 2929 902 2995 Saturnio
925 2953 1064 2994 numero
1086 2929 1282 3015 compositas
1294 2931 1382 2994 simi-

322 3030 405 3094 libus
431 3031 539 3096 modis
568 3032 654 3118 apud
683 3034 854 3097 Romanos
881 3033 1055 3119 antiquitus
1087 3020 1271 3096 decantatas
1302 3056 1382 3112 esse,

322 3155 358 3196 ac
380 3132 522 3198 ludicros
544 3133 584 3198 de
607 3134 725 3222 quibus
750 3135 873 3221 egimus
896 3134 1079 3198 versiculos.
1123 3134 1176 3197 sic
1204 3134 1290 3197 enim
1313 3137 1382 3222 Ap-

320 3235 412 3320 pium
436 3233 611 3300 Claudium
636 3235 781 3301 Caecum
810 3236 921 3300 medio
949 3237 1018 3300 lere
1046 3235 1159 3322 quinto
1187 3235 1275 3299 urbis
1303 3260 1382 3302 con-

322 3336 406 3400 ditae
429 3339 557 3404 saeculo
580 3363 711 3403 carmen
734 3339 970 3424 conscripsisse,
993 3336 1112 3402 Cicero
1134 3338 1167 3400 in
1189 3339 1382 3404 Tusculanis

320 3439 460 3520 tradit⁷),
483 3464 548 3527 quo
572 3465 704 3504 morum
721 3452 894 3528 praecepta
914 3440 1073 3526 quaedam
1091 3442 1383 3524 comprehenderet

321 3541 362 3603 ad
385 3544 484 3606 vitam
508 3542 627 3606 civium
650 3544 895 3619 Romanorum,
917 3543 941 3604 si
965 3541 1042 3628 quid
1065 3540 1174 3618 video,
1197 3546 1382 3628 spectantia,

321 3643 452 3730 qualem
474 3645 542 3732 ipse
564 3643 614 3708 vir
635 3645 811 3709 acerrimus
833 3643 1095 3732 permultorum
1117 3665 1279 3708 annorum
1290 3646 1324 3710 in
1334 3668 1383 3710 re·

421 3927 492 3981 Plin.
512 3929 583 3984 Hist.
601 3931 664 3985 Nat.
683 3931 813 3996 XXVlll,
831 3934 857 3985 5.
893 3931 979 3986 Varro
998 3931 1033 3985 de
1052 3932 1092 3985 fle
1110 3931 1220 3986 Rustica
1238 3933 1260 3996 1,
1278 3935 1304 3987 2.

423 4015 499 4070 Cato.
519 4018 550 4071 R.
571 4019 602 4072 R.
621 4020 680 4073 160.
717 4020 805 4074 Varro
825 4021 857 4073 R.
876 4021 908 4074 R.
927 4021 948 4084 I,
965 4022 990 4073 2.

424 4104 494 4158 Gell.
514 4105 548 4159 N.
568 4108 598 4160 Α.
619 4107 666 4171 lV,
684 4110 709 4160 6.

376 4189 402 4259 ⁷)
422 4190 477 4246 Cic.
497 4192 576 4247 Tusc.
596 4194 643 4259 lV,
660 4199 686 4248 2.
705 4190 729 4264 §.
747 4196 773 4248 4,
792 4216 850 4250 curn
870 4208 928 4249 not.
947 4193 1043 4249 Orelli.
1062 4195 1096 4249 cl.
1113 4194 1146 4247 N.
1158 4195 1232 4249 Saul:
1251 4196 1284 4251 de
1295 4196 1383 4269 Appio

425 4278 524 4334 Caeco.
544 4281 642 4337 Colca.
680 4281 753 4336 tata.
771 4303 797 4356 p.
815 4285 858 4338 35.

1141 4384 1174 4437 ta
