3400 5042
814 497 887 570 169

404 672 474 738 Nec
505 672 613 738 minus
644 670 801 738 abhorret
828 671 960 737 illorum
988 670 1146 737 sententie
1172 693 1190 736 a
1217 669 1381 736 scribendi

321 774 446 841 ratione
478 773 579 839 nostri
607 785 732 860 poetae.
787 774 873 838 Nam
901 785 938 838 ut
971 773 1057 861 apud
1086 774 1272 837 Homerum
1298 771 1383 837 Phe-

321 876 404 941 mius
425 888 458 941 et
480 875 692 940 Demodocus
715 875 747 940 in
766 877 945 940 Procorurn
964 875 1209 962 Phaeacumque
1226 872 1381 938 conviviis

321 989 448 1055 canunt,
470 976 588 1042 eodem
605 977 717 1055 modo,
739 977 764 1042 si
781 989 871 1042 tanto
890 976 1017 1042 honore
1035 976 1203 1065 quondam
1220 973 1383 1040 llomisset

321 1077 413 1167 epioe
435 1078 572 1144 canendi
594 1101 676 1158 mos,
698 1079 731 1144 in
753 1099 869 1165 regum
891 1088 923 1143 et
943 1077 1157 1165 patriciorum
1180 1075 1381 1142 solemnibus

323 1179 426 1268 epulis
447 1203 464 1244 a
486 1177 657 1267 rhapsodis
679 1203 736 1245 seu
763 1179 868 1268 poetis
894 1202 952 1244 seu
980 1179 1125 1244 convivis
1153 1177 1263 1245 laudes
1290 1199 1383 1264 gren-

324 1281 415 1346 dium
437 1280 600 1346 sactorum
623 1291 765 1347 cantatas
788 1303 866 1360 esse,
888 1280 986 1345 etiam
1009 1279 1095 1369 apud
1107 1281 1250 1345 Ennium
1262 1279 1384 1366 legere·

323 1405 410 1460 mus,
442 1382 563 1470 quippe
586 1382 641 1471 qui
663 1393 699 1447 ut
720 1382 788 1448 aliis
811 1382 844 1446 in
866 1382 964 1446 rebus
986 1383 1030 1447 sic
1052 1384 1149 1447 etiam
1172 1382 1205 1447 in
1226 1382 1292 1446 hoc
1314 1383 1383 1445 llo·

322 1508 452 1548 merum
483 1484 624 1548 libenter
652 1483 793 1548 imitatus
819 1496 912 1548 esset.
964 1486 1067 1564 Hujus
1095 1507 1173 1549 vero
1192 1487 1331 1570 generis
1357 1484 1382 1547 si

323 1587 401 1673 quid
423 1587 510 1672 apud
532 1588 677 1651 Ennium
704 1587 832 1670 legisset
855 1585 976 1651 Cicero
1003 1586 1095 1650 iniis
1123 1587 1288 1650 annalium
1310 1609 1383 1672 par-

322 1690 415 1766 tibus,
437 1711 519 1775 quae
542 1712 629 1753 nunc
652 1688 840 1775 deperditae
862 1701 945 1766 sunt,
967 1688 1103 1753 minime
1116 1688 1207 1752 Bruti
1229 1689 1285 1752 illo
1308 1689 1381 1752 loco

322 1791 449 1856 silentio
471 1790 750 1878 praetermisisset.
784 1791 900 1880 Neque
919 1790 1097 1856 obscurum
1113 1791 1195 1856 haec
1212 1813 1263 1854 res
1282 1790 1383 1855 docu-

323 1905 486 1971 mentum,
513 1892 696 1979 rhapsodos
718 1915 887 1981 nunquam
911 1894 999 1979 apud
1023 1895 1194 1958 Romanos
1216 1893 1381 1957 exstitisse.

325 1998 355 2060 ls
376 2017 478 2082 porro
501 1995 555 2083 qui
577 2006 705 2059 tantum
727 1995 899 2060 indulserit
918 1996 1114 2083 antiquitatis
1135 1994 1273 2059 sancitae
1294 1993 1381 2081 apud

324 2097 486 2186 populum
497 2098 688 2162 Romanum
704 2097 811 2162 studio
829 2108 862 2161 et
877 2098 990 2176 amori,
1011 2110 1048 2162 ut
1058 2121 1187 2164 merum
1199 2097 1384 2184 antiquum·

324 2223 387 2288 que
414 2199 576 2264 scribendi
605 2221 721 2286 genus,
759 2199 848 2286 quod
877 2199 987 2264 livius
1014 2200 1221 2266 Andronicus
1249 2197 1384 2264 Graecis

323 2301 501 2367 verborum
522 2299 638 2365 formis
661 2300 853 2378 miscuerat,
875 2296 983 2366 denuo
1006 2302 1190 2389 adoptaret,
1211 2313 1308 2390 atque
1329 2323 1385 2366 an·

323 2404 411 2492 tiqua
434 2403 533 2468 verba
557 2403 766 2490 depromeret
788 2426 805 2467 e
827 2403 1002 2468 duodecim
1024 2404 1140 2469 tabulis
1168 2403 1303 2491 aliisque
1328 2427 1384 2467 ve-

323 2505 505 2570 tustissimis
527 2504 692 2570 literarum
714 2506 937 2569 monumentis
955 2510 1005 2588 ¹⁵),
1026 2506 1055 2571 is
1071 2519 1157 2572 certe
1176 2516 1384 2582 memoraret,

323 2595 472 2672 simodo
494 2605 651 2683 novisset,
678 2607 808 2694 antiqua
832 2607 975 2672 carmina
998 2631 1034 2672 ea
1058 2609 1125 2696 ipsa
1148 2609 1190 2673 de
1211 2631 1321 2686 causa,
1347 2617 1385 2671 ut

324 2710 501 2774 vindicaret
532 2707 702 2773 annalibus
735 2708 799 2772 suis
832 2720 1029 2798 augeretque
1063 2710 1227 2776 vetustatis
1258 2721 1383 2796 gratam

322 2811 480 2878 Romanis
501 2809 652 2897 speciem.

406 2917 449 2977 At
469 2914 576 2994 major
597 2923 665 2976 erat
685 2923 801 2998 poetae
830 2923 863 2976 et
888 2912 938 2976 sui
967 2913 1080 2999 opinio
1110 2926 1142 2978 et
1167 2914 1269 3000 gloria
1296 2915 1384 3001 apud

323 3016 474 3105 aequales
495 3026 725 3102 posterosque,
759 3037 858 3102 quam
887 3037 969 3102 quae
1000 3016 1067 3080 sola
1090 3015 1271 3081 imitatione
1292 3028 1384 3103 parta

324 3120 372 3185 sit.
415 3118 548 3182 Etenim
575 3116 664 3203 quod
693 3117 819 3180 Ennius
848 3128 922 3180 ante
949 3140 982 3181 se
1009 3118 1086 3182 dicit
1112 3119 1280 3183 neminem
1309 3119 1384 3182 dicti

325 3221 506 3286 studiosum
529 3219 642 3297 luisse,
665 3219 755 3305 quod
777 3219 845 3305 ipse
868 3243 943 3282 cum
966 3243 1051 3307 equo
1075 3221 1190 3299 nobili,
1212 3223 1266 3309 qui
1288 3245 1384 3307 saepe

323 3325 467 3411 palmam
490 3320 701 3409 Olympicam
723 3321 847 3398 tulerit,
868 3333 947 3385 tunc
969 3323 1124 3409 quiescat,
1151 3347 1185 3388 se
1207 3336 1385 3411 comparat,

325 3426 413 3513 quod
447 3425 588 3512 epilogio
621 3425 661 3488 ab
690 3423 760 3509 ipso
794 3423 979 3510 composito
1012 3426 1290 3490 immortalitatem
1323 3427 1383 3489 sibi

326 3529 479 3606 vindicat,
513 3526 649 3592 Homeri
679 3523 820 3613 denique
847 3528 991 3590 animam
1019 3527 1052 3590 in
1074 3550 1170 3592 suum
1197 3552 1316 3614 corpus
1337 3529 1386 3591 in-

324 3633 525 3718 gressam¹⁶)
561 3628 742 3717 praedicat,
781 3640 813 3692 et
841 3629 996 3694 Horatius
1027 3631 1196 3709 jactantiae
1231 3655 1307 3694 eum
1335 3653 1385 3694 ar-

372 3898 408 3969 15)
429 3899 484 3954 Cic.
505 3899 582 3954 Orat.
601 3919 623 3953 c.
643 3897 685 3951 48.
722 3896 796 3952 Gell.
813 3896 847 3951 N.
868 3896 900 3951 Α.
919 3898 994 3964 XVl,
1013 3899 1054 3964 lt,
1073 3901 1098 3954 5.
1134 3899 1176 3955 cf.
1196 3900 1291 3956 Osann
1314 3901 1386 3955 Ana-

410 3987 480 4042 lecta
497 3986 589 4043 critica
605 4008 630 4059 p.
650 3987 690 4040 16.
710 4007 769 4059 sqq.

371 4093 407 4163 ¹⁶)
428 4095 484 4151 Cic.
509 4095 605 4149 llrutus
625 4117 646 4150 o.
666 4097 707 4149 18.
745 4093 818 4149 Gell.
843 4095 879 4148 N.
898 4095 929 4148 Α.
949 4097 1010 4158 1111,
1028 4097 1052 4148 d.
1081 4096 1117 4148 id.
1135 4097 1207 4161 XlX,
1224 4095 1250 4163 8,
1268 4096 1293 4149 6.
1330 4095 1386 4150 Cic.

427 4184 461 4238 de
484 4183 593 4238 Senect.
611 4203 633 4237 c.
651 4185 676 4237 5.
711 4182 747 4236 id.
767 4182 847 4237 Acad.
875 4183 982 4252 Quaest.
1001 4184 1049 4248 lV,
1069 4184 1109 4238 16.
1144 4183 1249 4240 Lucret.
1273 4182 1334 4238 Car.
1352 4183 1386 4238 de

428 4273 527 4326 Rerum
546 4272 638 4327 Natur.
656 4272 678 4341 l,
697 4271 754 4326 106.
773 4290 832 4343 sqq.
