3400 5042
816 534 889 609 no
912 516 914 521 ’

321 712 661 789 animadvertendum,
678 746 681 750 ‡
700 712 789 800 quod
817 723 1010 775 consuetum
1039 710 1177 777 modum
1206 708 1384 788 excederet,

289 840 292 845 ⁴
324 818 446 900 sivein
477 815 558 880 facie
587 813 765 901 habituque
792 805 983 891 hominum,
1014 814 1080 877 sive
1102 815 1135 877 in
1162 813 1261 877 rebus
1287 812 1384 899 gestis

323 915 550 1006 conspicuum,
577 916 644 980 sive
667 916 699 1006 id
723 915 914 992 ridiculum,
946 917 1013 980 sivo
1035 914 1297 991 stomachosum‚
1319 915 1384 978 sive

324 1021 513 1086 mirandum
527 1018 699 1103 videretur,
711 1019 859 1082 celeriter
871 1020 1004 1084 nominc
1017 1030 1214 1082 notarent'ac
1226 1017 1385 1103 figerent?

407 1124 484 1187 Non
507 1133 554 1184 est
575 1119 639 1184 hoc
662 1109 737 1184 sane
760 1114 1010 1206 negligendum}
1054 1120 1150 1184 docet
1171 1121 1273 1197 enim,
1294 1142 1345 1183 res
1367 1141 1385 1191 a

325 1224 537 1312 scriptoribus
559 1222 705 1300 traditaS,
738 1246 820 1311 quae
850 1223 925 1286 iisa
955 1223 1073 1309 quibus
1100 1221 1291 1309 gestaesint
1312 1244 1387 1308 cog-

263 1370 266 1375 ·
325 1326 458 1391 nomina
493 1325 699 1401 vindicarint,
732 1349 791 1388 nec
819 1325 971 1388 carminis
999 1325 1079 1410 epici
1104 1324 1228 1389 liberali
1256 1324 1387 1407 impetu,

254 1426 258 1431 ⁴
326 1441 361 1493 ut
388 1429 429 1492 de
458 1431 645 1514 Torquato,
680 1427 874 1504 Coriolano,
907 1425 1018 1490 Corvo
1045 1426 1155 1490 statuit
1176 1426 1386 1503 Niebuhrius‚

325 1554 386 1594 nec
407 1529 603 1594 familiarum
628 1528 765 1593 sanitate
788 1553 824 1593 ac
853 1529 1003 1615 superbia
1032 1528 1178 1592 inventas
1206 1553 1290 1603 essc;
1327 1529 1384 1592 sed

326 1632 480 1695 mansisse
507 1631 588 1694 haec
616 1631 810 1717 cognomina
842 1631 975 1716 publico
1003 1654 1079 1694 cum
1110 1629 1228 1717 gaudio
1258 1630 1386 1709 tributa,

325 1733 452 1806 riva-in
475 1732 572 1818 gratis
595 1733 714 1808 civium
741 1733 857 1796 animis
885 1733 1248 1818 magnorumvirorum
1270 1755 1387 1817 monii·

326 1846 444 1915 menta.
490 1836 599 1920 ltaque
623 1847 670 1898 est
691 1857 769 1898 sane
785 1835 905 1920 aliquid
923 1834 1119 1898 carminibus
1134 1815 1386 1920 triumphalibus

327 1938 367 2002 ad
390 1935 596 2000 condendam
620 1934 787 1999 historiam
811 1936 971 1999 momenti
992 1934 1223 2014 tribuendum3
1267 1947 1299 2000 at
1320 1958 1387 2000 non
1492 1984 1494 1989 -

326 2038 366 2103 ad
379 2037 655 2124 corrumpendam
672 2037 728 2100 sed
742 2038 849 2124 potius
862 2038 902 2101 ad
921 2036 1181 2102 confirmandam
1194 2038 1261 2116 ejus
1276 2036 1387 2101 fidem.

409 2139 436 2203 E
459 2161 554 2202 succo
578 2150 609 2201 et
630 2139 799 2224 sanguine,
821 2151 857 2203 ut
879 2141 1004 2217 dicunt,
1025 2140 1163 2202 nationis
1185 2151 1297 2202 ortum·
1316 2162 1386 2203 esse

326 2252 432 2320 totum
454 2239 655 2303 ludicrorum
678 2241 860 2305 carminum
880 2265 996 2327 genus,
1023 2242 1119 2304 etiam
1142 2241 1217 2303 inde
1239 2241 1387 2326 intelligi·
1412 2254 1414 2258 ‘

326 2356 392 2420 tur,
427 2341 514 2430 quod
539 2366 575 2406 ea
598 2355 714 2419 aetate,
747 2364 809 2430 qua
832 2342 966 2406 Graecis
989 2342 1086 2433 literis
1109 2344 1214 2405 Roma
1238 2342 1386 2406 illustrari

327 2456 441 2530 coepta
469 2455 529 2520 est,
561 2445 625 2508 hoe
657 2445 764 2532 pocsis
796 2446 946 2531 antiquae
979 2444 1201 2534 Romanisque
1233 2444 1387 2530 propriae

325 2570 427 2634 genus
456 2558 487 2610 et
511 2546 637 2624 Naevii,
669 2547 782 2623 Ennii,
814 2546 927 2610 Lucilii
960 2546 1063 2610 satiris
1094 2547 1258 2609 excultum
1290 2557 1387 2633 atque
1415 2532 1417 2536 ’
1448 2586 1451 2592 ·

327 2646 575 2734 amplificatum,
598 2660 629 2711 et
651 2672 668 2712 a
688 2646 819 2712 Catullo
836 2661 933 2734 poeta
955 2671 1031 2712 vere
1049 2647 1198 2735 populari
1221 2647 1387 2728 acerrimis

327 2750 474 2814 versibus
496 2749 528 2812 in
552 2747 726 2813 Caesarem
749 2752 882 2837 ejusque
904 2749 1056 2813 clientem
1074 2750 1277 2814 Mamurram
1299 2771 1389 2812 com·

326 2851 439 2940 positis
461 2874 649 2937 expressum
672 2864 719 2914 est
744 2857 796 2930 ⁸⁶),

411 2955 524 3018 Unum
546 2976 624 3017 vero
647 2965 702 3029 est,
724 2953 813 3040 quod
836 2951 901 3018 hoc
924 2953 1007 3015 bene
1028 2974 1192 3038 perpenso
1214 2952 1322 3016 nescio
1345 2976 1386 3016 an

326 3057 368 3123 ad
390 3055 533 3120 carmina
556 3055 734 3118 convivalia
757 3053 869 3117 referri
892 3053 1003 3140 possit.
1034 3054 1134 3117 ¹Nam
1161 3065 1197 3116 ut
1222 3053 1256 3117 in
1283 3053 1386 3140 epulis
1492 3080 1494 3084 ¹

326 3158 450 3223 rusticis
477 3169 509 3221 et
535 3157 852 3234 commissationibus
884 3155 1136 3242 triumphalibus
1169 3154 1314 3240 pollebat
1339 3157 1389 3236 jo-

326 3260 420 3325 candi
442 3258 662 3346 irridendlque
685 3261 826 3345 impetus
848 3281 885 3321 ac
907 3257 1044 3335 licentia,
1064 3257 1108 3320 sic
1131 3270 1387 3331 consentaneum

328 3373 376 3427 cst
402 3361 508 3435 etiam¹
529 3360 561 3423 in
590 3360 799 3443 patriciorum
826 3359 1000 3438 conviviis,
1035 3359 1157 3446 quippe
1185 3382 1326 3446 quorum
1353 3359 1387 3424 in

327 3463 417 3527 venis
441 3461 528 3526 idem
551 3460 665 3526 flueret
689 3461 814 3526 ltalicus
836 3461 977 3546 sanguis,
1003 3460 1162 3524 severitati
1185 3483 1222 3522 ac
1243 3461 1387 3545 gravitati

326 3564 505 3650 gentiliciae
528 3565 625 3628 etiam
653 3565 784 3628 dicteria
811 3564 933 3650 passim
960 3575 1057 3650 atque
1082 3562 1173 3641 jocos
1199 3562 1389 3626 submisceri

328 3677 480 3752 coeptos,
512 3666 589 3731 vino
617 3667 744 3730 animos
773 3669 940 3731 excitante.
984 3662 1159 3728 Crescente
1185 3676 1256 3727 tum
1278 3664 1390 3749 plebe·

327 3771 435 3850 jocum
457 3768 491 3832 in
520 3768 684 3855 republica
714 3768 862 3833 libertate
888 3765 1054 3830 crescebat
1080 3765 1179 3828 civilis
1205 3765 1334 3844 jocandi
1357 3775 1389 3827 et

328 3869 484 3933 illudendi
507 3871 597 3946 rati0‚
619 3872 660 3934 ita
683 3883 718 3934 ut
739 3869 919 3956 posteriore
941 3881 1091 3953 tempore
1111 3890 1171 3929 nec
1191 3863 1310 3929 Cicero
1327 3889 1389 3929 nec

329 3969 414 4035 Cato
438 3971 471 4035 in
493 3973 666 4047 concione,
688 3973 788 4047 curia,
815 3971 889 4034 loro
912 3969 1073 4038 alsacetiis
1094 3967 1301 4032 abstinerent.
1345 3969 1390 4030 At

327 4096 405 4137 vero
435 4073 542 4158 negari
571 4095 638 4136 non
671 4083 778 4158 potest
799 4072 1025 4136 sublimiorem
1057 4071 1216 4155 impeturn
1249 4068 1387 4132 canendi

370 4304 409 4375 ¹⁸)
427 4303 470 4362 Cb
490 4303 587 4362 Catull.
606 4325 684 4362 cerm.
702 4305 747 4370 29,
763 4307 805 4369 bl.
823 4306 867 4362 ⁵9·

1144 4400 1175 4456 ll
