3400 5042
824 493 877 574 88
991 574 994 579 Ι
1041 507 1043 510 Ι
1162 469 1165 474 .

198 634 234 751 Α..
322 666 542 759 immolatam,
573 667 690 756 ¹fratres
713 667 754 734 ad
775 667 902 765 cellam,
919 660 1060 735 Junonis
1088 671 1292 750 convenisse,
1310 670 1387 736 *alia

327 768 501 867 ejusmodi,
521 779 554 834 et
575 768 703 863 duobus
731 769 811 836 locis
831 769 920 836 ⁴haec
941 763 1013 858 ipsa
1033 770 1138 846 verba,
1155 773 1273 860 scripta
1295 783 1389 836 sunt:

323 874 440 936 Junom'
457 875 543 939 Deae
563 877 645 938 Diae
655 877 696 952 δ);
728 871 815 938 unde
842 875 918 936 satis
945 894 1113 962 superque·
1136 884 1273 962 apparet
1292 878 1391 940 June-

259 1042 262 1047 <
324 998 390 1038 nem
418 970 534 1061 eadem
560 973 686 1040 ratione
714 972 748 1039 in
777 973 950 1067 Arvalibus
977 973 1144 1039 cantilenis
1171 979 1270 1060 Dema
1296 980 1391 1044 Dium

323 1097 394 1171 esse
426 1073 656 1162 indigetatam,
699 1098 761 1165 qua
792 1078 892 1142 Jonas
924 1075 959 1169 in
990 1075 1187 1142 carminibus
1225 1077 1390 1144 Saliomm
1439 1118 1442 1124 ·

324 1181 433 1243 Diuum
459 1179 591 1256 Daus⁴).
646 1176 877 1263 Quamobrem
906 1199 988 1267 quae
1016 1200 1112 1265 supra
1141 1179 1287 1265 exposita
1316 1192 1390 1244 sunt
1489 1233 1493 1240 .

326 1279 367 1357 de
394 1296 544 1342 connexu
569 1278 710 1353 Junonis
738 1301 814 1344 cum
842 1280 963 1356 Marte,
994 1301 1063 1343 non
1091 1279 1199 1345 miuus
1224 1281 1389 1367 pertinent
1474 1338 1476 1342 .
1511 1284 1515 1291 '

249 1431 252 1436 -
325 1381 367 1446 ad
399 1380 568 1444 Arvalium
597 1372 785 1467 religiones,
818 1405 918 1469 quam
950 1379 991 1444 ad
1025 1380 1387 1458 Saliorum-solemnia.

258 1480 261 1485 ’
326 1468 519 1548 Clause'nius
552 1494 681 1561 contra,
716 1506 758 1547 ne
786 1474 803 1547 a
831 1483 911 1548 falsa
939 1483 979 1546 de
1005 1483 1112 1548 Marte
1143 1485 1301 1549 sententia
1333 1509 1387 1549 sua

326 1584 477 1662 decedat,
512 1608 698 1650 connexum
725 1585 817 1650 illum
845 1586 1019 1650 numinum
1052 1585 1280 1672 interpretatus
1311 1609 1389 1651 mox

325 1672 490 1753 fervorem
523 1687 689 1774 quendam
718 1688 834 1752 Martis
862 1687 959 1752 allert
990 1710 1202 1753 communem
1235 1688 1389 1753 omnibus

281 1853 284 1858 .
326 1789 397 1866 diis,
418 1812 496 1853 mox
517 1801 582 1853 tres
603 1774 786 1856 voluntates
799 1791 890 1855 Deae
901 1791 984 1854 Diae
1000 1790 1155 1870 attribuit,
1173 1791 1389 1856 unamJuno-
1488 1781 1490 1786 ¹

324 1891 601 1977 niam,yalteram
631 1892 832 1970 Martialem,
868 1891 998 1956 tertiam
1030 1891 1171 1979 denique
1204 1889 1388 1970 Cerealem,

327 2017 410 2082 quae
432 1993 565 2081 quidem
587 2017 714 2058 summa
736 1995 834 2059 fuerit
854 2017 891 2061 ac
911 1993 1186 2085 praestantissima
1195 1995 1266 2075 ejus
1278 1994 1388 2063 virtus.
1470 2070 1472 2074 .

326 2099 420 2161 llanc
441 2119 521 2160 vero
544 2093 718 2161 Cerealem
739 2098 807 2178 ejus
833 2089 1022 2177 comitatem
1048 2119 1200 2183 poscere:
1227 2087 1389 2174 fiduciam,

298 2198 512 2269 Martialem
534 2197 699 2263 fervorem
724 2198 845 2271 istum:
876 2197 1055 2278 honorem,
1085 2198 1267 2262 Junoniam
1292 2201 1393 2280 maje-
1475 2286 1477 2292 Ι

218 2356 221 2364 .
327 2302 463 2366 statem:
491 2299 737 2366 venerationem
758 2299 977 2389 hominum.
1023 2299 1025 2302 ⁴

412 2403 502 2467 llaec
524 2414 556 2467 et
576 2402 670 2488 plura
693 2425 776 2489 quae
798 2401 875 2467 inde
897 2401 1113 2486 conjiciuntur
1124 2382 1180 2467 aut
1189 2413 1257 2467 tam
1269 2424 1348 2496 vaga
1361 2415 1393 2468 et

222 2540 226 2546 ·
327 2504 472 2583 confusa,
494 2515 531 2569 ut
540 2505 592 2569 vix
604 2527 670 2593 quo
682 2515 829 2592 spectent
839 2503 1005 2592 intelligas,
1027 2515 1082 2569 aut
1091 2505 1264 2570 temerario
1277 2505 1392 2570 volun·
1504 2556 1511 2564 .

327 2607 476 2694 tarioque
492 2605 745 2694 philosophandi
764 2629 882 2692 genere
895 2605 1037 2683 conficta
1044 2617 1127 2684 sunt,
1144 2629 1224 2699 quo,
1240 2607 1316 2694 quid
1330 2607 1389 2694 ipsi

278 2787 279 2791 Ἰ
327 2721 453 2775 veteres
475 2709 659 2774 sacerdotes
681 2708 722 2772 de
744 2709 808 2772 suis
836 2708 1047 2796 religionibus
1075 2706 1251 2787 senserint,
1283 2709 1410 2800 nenti-y

298 2898 300 2903 Ι
328 2809 437 2899 ςὐεῐη
450 2811 630 2898 respicitur.
663 2811 728 2876 Pro
750 2822 862 2875 nostra
884 2822 996 2875 contra
1014 2809 1171 2875 sententia
1190 2810 1286 2886 docet
1298 2812 1391 2876 facile

258 3001 261 3006 ¹
327 2916 374 2991 rei
396 2925 527 2995 natura,
558 2937 635 2978 cum
660 2913 767 2978 Marte
794 2912 910 2998 agresti
938 2911 1036 2978 etiam
1064 2913 1164 2977 Lares
1191 2924 1333 2999 agrestes
1360 2925 1393 2978 et

387 3200 413 3271 ³)
432 3204 466 3257 In
483 3201 549 3267 Tab.
567 3200 681 3267 XXXII,
699 3221 721 3256 a.
741 3213 769 3257 et
785 3201 811 3257 b.
830 3214 961 3273 regnante
979 3199 1130 3258 Commodo
1151 3203 1251 3275 scripta
1273 3223 1315 3257 an.
1334 3203 1392 3258 18³.

431 3311 457 3364 p.
476 3288 526 3344 Ch.
544 3289 647 3346 Marini
664 3290 700 3355 ll,
717 3290 786 3356 3683
811 3290 845 3345 cf.
863 3289 929 3344 ibid.
945 3289 1005 3344 686.

389 3377 414 3448 ⁴)
433 3377 533 3433 Marin.
551 3378 572 3443 l,
590 3399 617 3452 p.
636 3378 684 3435 10:
713 3377 814 3448 Quello
836 3377 887 3433 else
909 3376 952 3452 pe'
977 3377 1034 3447 salj
1052 3379 1080 3431 su
1103 3377 1123 3430 il
1139 3376 1225 3434 Divus
1247 3380 1321 3434 Deus
1340 3401 1354 3435 e
1373 3381 1393 3434 il

432 3469 553 3524 Deorum
570 3468 655 3531 Deus,
671 3487 735 3540 pare
753 3487 768 3521 a
785 3486 827 3520 ma
846 3466 896 3522 che
913 3487 962 3540 per
979 3465 1016 3538 gli
1029 3464 1120 3520 Arvali
1138 3467 1208 3522 fosse
1225 3466 1392 3524 laDeaDia·
1449 3463 1452 3469 ’

390 3555 415 3626 ⁶)
435 3555 559 3612 Clausen.
585 3555 630 3609 De
648 3554 764 3609 carmine
786 3555 911 3610 Fratrum
933 3554 1076 3629 Arvalium.
1103 3554 1194 3610 Bonn.
1212 3555 1280 3610 1836
1298 3577 1324 3628 p.
1342 3558 1392 3612 tl:

433 3644 491 3708 iste,
510 3643 556 3716 qui
572 3642 695 3716 proprius
714 3653 756 3697 est
773 3642 872 3706 Marti,
889 3642 981 3697 ferror
998 3642 1110 3698 omnino
1128 3663 1187 3697 uon
1204 3664 1282 3717 posse
1299 3645 1393 3701 abesse

434 3731 559 3787 adirina
584 3743 680 3786 natura
705 3729 854 3785 videbatur.
899 3730 939 3783 ld.
961 3750 988 3804 p.
1004 3731 1039 3784 52
1062 3729 1142 3795 dicit,
1172 3731 1242 3786 hanc
1268 3732 1393 3788 ferocium

433 3821 540 3876 minime
553 3838 604 3893 pro
618 3819 685 3875 vitio
694 3818 818 3874 habuisse
826 3819 964 3874 Romanos
973 3818 1095 3875 homines
1105 3821 1208 3876 seroces
1217 3839 1247 3877 ac
1255 3822 1393 3894 superbos.

434 3909 471 3966 At
488 3910 559 3964 idem
576 3928 655 3982 supra
673 3907 815 3964 contendit
831 3907 999 3964 abominatos
1018 3929 1075 3964 esse
1092 3908 1200 3964 eosdem
1208 3907 1305 3964 Martis
1323 3912 1394 3966 sero-

435 3999 519 4065 ciarn;
551 3998 585 4053 cf.
602 4018 629 4070 p.
647 3997 698 4062 52,
724 4017 750 4070 p.
768 3995 818 4053 54:
846 3994 913 4051 Cum
931 4015 1018 4070 neque
1035 3997 1077 4063 id,
1102 3998 1176 4068 cujus
1193 4017 1293 4052 summa
1309 3998 1393 4053 virtus

435 4099 477 4144 est
493 4087 627 4158 majestas,
645 4083 753 4142 deficiat
770 4085 868 4141 servor.
898 4084 943 4139 Da
960 4084 1064 4159 triplice
1082 4085 1221 4142 voluntate
1233 4086 1310 4140 Deae
1323 4085 1393 4142 Diae

436 4177 469 4235 cl.
487 4198 514 4251 p.
531 4175 574 4232 56.
609 4174 724 4231 Temere
741 4164 858 4229 conficta
874 4184 938 4228 aunt
956 4193 1023 4245 quaa
1043 4174 1117 4232 huuc
1132 4175 1162 4230 in
1178 4174 1286 4230 modum
1304 4174 1394 4246 dispu-

436 4276 528 4321 tantur
545 4284 571 4338 p.
588 4265 700 4320 bd-bb.
718 4262 751 4320 ol.
769 4283 796 4336 p.
814 4261 857 4322 61.
