3400 5042
786 548 844 620 297

293 734 357 811 jam
380 739 526 793 accurate
549 727 724 807 disjunctis,
745 725 839 790 facile
861 750 881 788 α
898 736 959 788 atu
976 723 1009 786 in
1030 721 1170 786 flexione
1192 723 1349 787 conlundi

293 856 388 919 posse
410 842 573 918 appareat.
597 828 737 906 Accedit,
759 829 847 915 quod
869 825 982 914 paucis
1009 837 1083 888 ante
1104 825 1227 903 diebus,
1249 849 1347 921 quam

293 935 326 997 bi
350 958 460 997 versus
483 957 500 996 a
523 932 675 996 fratribus
698 930 1107 995 Arvalibnscanebantur:

528 1038 530 1043 ’
561 1084 563 1088 .
609 1089 611 1094 ,
647 1091 650 1099 ,
720 1066 817 1094 ·····
822 1033 934 1120 incipit
954 1047 1058 1097 aestus

503 1138 666 1225 Ettepidi
688 1136 787 1201 linem
810 1148 959 1221 tempora
982 1135 1065 1198 veris
1087 1134 1210 1214 babent
1224 1139 1292 1210 ²¹).1‹

293 1242 334 1303 ita
357 1252 392 1302 ut
413 1246 542 1304 aestatis
568 1239 693 1303 initium
722 1239 816 1305 simili
844 1237 969 1302 ratione
996 1239 1036 1301 ab
1064 1237 1124 1300 illis
1150 1236 1349 1300 celebratum

293 1343 453 1421 videatur,
473 1367 510 1406 ac
532 1343 616 1406 veris
638 1341 808 1407 exordium
831 1365 847 1404 a
872 1340 975 1405 Saliis.

321 1497 323 1500 ,
378 1446 537 1533 lienique
549 1450 653 1510 taeter
672 1468 738 1531 pro
748 1451 887 1527 fervere,
913 1449 1072 1528 adoocupit
1092 1464 1155 1529 pro
1177 1448 1351 1506 abvoealr'te

295 1549 415 1612 dictum
443 1561 569 1612 constat
594 1547 681 1635 apud
709 1548 914 1634 interpretes,
946 1569 1006 1610 nec
1033 1545 1074 1609 de
1102 1546 1217 1609 ceteris
1244 1545 1350 1609 verbis

294 1649 452 1736 estquod
475 1650 687 1737 explicatione
710 1661 808 1735 egeat.
1151 1719 1154 1723 ,

379 1752 528 1816 Huncin
548 1751 684 1816 modurn
707 1751 801 1838 igitur
827 1749 935 1817 v'erbis
961 1750 1089 1816 tabulae
1116 1750 1284 1836 diligenter
1306 1750 1352 1812 in·

294 1853 410 1940 spectia
436 1865 532 1940 atque
561 1853 737 1941 explicatis,
774 1852 956 1940 simplicem
983 1876 1165 1940 sanumque
1191 1851 1351 1916 hebernus

294 1956 444 2026 carminis
466 1977 599 2020 sensum
622 1979 696 2020 curn
720 1955 872 2021 omnibus
900 1979 982 2043 quae
1010 1978 1105 2042 supra
1134 1953 1175 2017 de
1197 1956 1352 2040 tempori

192 2070 194 2074 “
294 2060 354 2122 bus
375 2057 571 2123 solemnium
594 2059 753 2144 disputata
776 2070 849 2123 sunt
870 2058 967 2144 plane
989 2069 1233 2144 congruentem.
1256 2055 1352 2121 Cete-

293 2183 368 2224 rum
394 2159 458 2223 hoc
485 2160 645 2224 canticum
680 2173 843 2225 vetustum
871 2173 907 2224 ut
932 2160 1053 2225 Saliare
1085 2157 1165 2224 illud
1193 2183 1268 2223 cum
1296 2161 1352 2222 tri-

294 2262 394 2349 pudio
427 2262 615 2340 canebatur,
651 2273 747 2350 atque
781 2263 863 2326 duos
895 2261 1014 2330 choros
1044 2263 1175 2326 alternis
1207 2263 1352 2326 versibus

294 2377 431 2451 agrestes
455 2364 533 2427 deos
557 2364 733 2428 celebrasse
757 2366 853 2429 docet
874 2377 905 2428 et
926 2364 1024 2451 ipsius
1047 2364 1195 2428 carminis
1212 2365 1353 2429 verbum

294 2473 436 2542 alternez‘,
467 2479 498 2529 et
519 2467 599 2530 ratio
624 2467 866 2531 invocationum
890 2479 939 2530 ter
960 2467 1180 2554 repetitarum,
1213 2491 1351 2554 quarum

295 2569 434 2656 primam
457 2594 473 2632 a
496 2581 722 2655 praecentore,
754 2571 930 2634 secundam
953 2571 993 2632 ab
1016 2569 1114 2633 altera
1135 2582 1227 2656 parte
1250 2569 1350 2645 chori,

293 2671 420 2736 tertiam
442 2671 482 2735 ab
497 2671 602 2736 altera
618 2672 822 2749 cambotam,
853 2685 1006 2758 utsupra
1028 2672 1069 2736 de
1092 2671 1189 2738 Saliis
1207 2672 1352 2759 animad-

295 2797 425 2846 versum
448 2785 507 2848 est,
529 2774 622 2838 facile
644 2775 815 2838 arbitratus
837 2774 889 2838 sis.

377 2878 427 2939 lle
449 2875 598 2962 tempore
626 2900 740 2963 porro,
773 2901 839 2964 quo
863 2903 879 2940 e
903 2877 1069 2940 ritualibus
1096 2876 1200 2950 libris,
1234 2876 1351 2962 quibus

295 2964 467 3044 utebantur
487 2979 526 3042 ed
551 2979 734 3044 canendum
755 2979 855 3042 frates
877 2972 1024 3056 Arvales,
1045 3001 1176 3043 carmen
1199 2978 1352 3064 deprom-

293 3095 385 3167 ptum
408 3093 440 3144 et
462 3081 494 3144 in
516 3081 623 3146 tabula
644 3081 840 3169 inscalptum
861 3070 916 3157 sit,
948 3104 1050 3169 quum
1072 3091 1215 3155 constet,
1249 3078 1347 3144 Clau-

294 3184 405 3264 senius
421 3183 517 3247 etiam
541 3184 697 3248 invenisse
724 3184 784 3248 sibi
812 3183 953 3260 videtur,
986 3181 1117 3269 quando
1140 3183 1172 3245 in
1194 3181 1269 3268 ipsis
1291 3182 1351 3273 illis

295 3285 384 3349 libris
406 3272 621 3374 perscriptum
644 3286 692 3349 sit.
735 3276 822 3350 Nam
845 3285 978 3361 docere,
1005 3285 1062 3362 ait,
1095 3284 1237 3348 sormam
1260 3309 1352 3348 accu-

294 3385 383 3477 satiri
404 3392 538 3452 Samum
556 3393 678 3473 pleurr's,
701 3389 836 3453 vocativi
851 3391 955 3465 Lases,
977 3386 1168 3450 nominativi
1191 3387 1351 3451 secundae

294 3488 516 3554 declinationis
538 3483 673 3566 alternet,
695 3489 811 3554 deinde
834 3491 990 3554 omissam
1011 3488 1221 3554 literammin
1245 3497 1354 3569 lueres,

293 3620 309 3654 e
330 3595 362 3656 ln
383 3599 459 3685 stirs,
486 3597 659 3679 adrumpit,
680 3596 798 3684 herber,
825 3593 967 3680 denique
989 3591 1190 3677 duplicatum
1212 3620 1229 3656 r·
1250 3590 1282 3656 ln
1304 3600 1350 3656 in·

339 3888 376 3957 ²¹)
396 3891 476 3946 ovid.
495 3893 565 3948 Fast'.
584 3894 619 3962 V,
647 3895 705 3948 (tot.
742 3890 822 3948 Cous.
841 3893 986 3946 Burmann.
1014 3893 1202 3947 Anthemu.
1222 3893 1246 3943 V
1264 3895 1353 3967 Epigr.

396 3979 467 4033 LIV.
478 3979 510 4034 T.
521 3982 554 4036 ll.
565 3976 661 4054 puta:
681 3983 761 4052 Ignea
779 3982 861 4036 restit
878 4001 954 4052 agros
974 3980 1065 4035 culmis
1083 3981 1238 4037 Cerealibus
1254 3984 1353 4037 Aestas.

396 4067 485 4141 Epigr.
503 4068 591 4123 LVlll
609 4091 634 4142 p.
657 4071 723 4124 346:
760 4070 858 4142 Spicea
882 4082 953 4123 serta
978 4069 1047 4140 gerit
1073 4069 1228 4124 calidissima
1254 4071 1353 4124 solibus

396 4159 494 4210 Aestas.
532 4157 583 4229 Ep.
610 4157 686 4213 LIX:
722 4158 758 4212 At
785 4159 892 4212 ferrens
916 4159 1011 4212 Aestas
1037 4157 1206 4229 pinguissima
1231 4159 1349 4229 frugibus

394 4265 456 4298 arva
473 4243 590 4313 (ornat).
622 4247 675 4318 Ep.
697 4230 922 4317 va1.p.'3492
949 4245 1066 4298 Torrida
1090 4245 1210 4302 collectis
1232 4248 1349 4302 exsultat

396 4331 515 4403 frugibus
533 4347 625 4388 aestas.

1128 4434 1149 4487 8
