3400 5042
832 539 906 612 142

680 716 718 780 ln
740 715 882 783 eundem
900 707 1058 782 'ballistea
1174 709 1176 714 ⁵

215 856 218 860 ·
338 820 403 887 No.
425 827 474 886 41.
548 822 637 883 Mitte
656 823 807 899 Francos,
827 827 908 885 mille
927 825 1087 886 Sarmatas
1107 825 1202 884 semel
1219 836 1250 884 ct
1273 824 1399 900 (semel)

760 929 935 987 occidemus.
958 935 961 939 '

550 1028 654 1101 Mille,
674 1029 771 1102 mille,
797 1032 894 1103 mille,
920 1031 1000 1090 mille
1021 1029 1136 1088 Persas
1158 1032 1328 1110 quaerimus
1344 1026 1398 1110 ²²).
1506 1057 1508 1060 ⁴

420 1128 611 1196 ,Totavero
639 1125 699 1191 hac
727 1127 917 1212 quaestione
945 1138 1094 1214 apparet,
1126 1120 1300 1191 Petersenii
1328 1150 1401 1191 sen·

338 1229 472 1314 tentiam
497 1250 564 1292 esse
585 1227 820 1305 falsissimam,
837 1253 898 1293 nec
920 1230 1023 1315 magis
1052 1252 1164 1292 versus
1187 1229 1399 1316 triumphales

338 1329 486 1417 longiora
511 1327 605 1411 luisse
632 1330 722 1417 epica
745 1331 903 1409 carmina,
936 1355 1034 1418 quam
1058 1331 1213 1395 Martialis
1240 1333 1399 1418 epigram·

338 1443 434 1502 mata.
479 1431 525 1496 tt
546 1454 624 1496 vero
647 1433 871 1519 perspiciatur,
904 1455 983 1496 num
1007 1431 1085 1519 quid
1114 1432 1146 1496 in
1168 1432 1300 1499 historia
1323 1455 1400 1497 con-

266 1553 269 1559 ·
338 1533 445 1598 denda
467 1531 638 1597 habuerint
658 1533 817 1605 momenti
839 1534 1034 1611 cantilenae,
1066 1534 1291 1621 quaerendum
1313 1534 1401 1598 vide·

338 1648 404 1714 tur,
436 1633 515 1721 quid
536 1633 590 1712 sit,
623 1634 713 1720 quod
735 1635 769 1698 in
795 1634 903 1723 ipsum
934 1635 1141 1723 potissimum
1163 1635 1397 1724 imperatorem

338 1737 479 1802 directae
500 1735 633 1805 suerint.

422 1837 484 1902 llic
514 1859 594 1901 vero
625 1837 732 1924 probe
750 1837 1041 1903 >considerandum
1074 1849 1137 1917 est,
1177 1839 1211 1902 in
1236 1837 1396 1902 omnibus
1441 1897 1443 1902 .

337 1940 533 2017 civitatibus,
563 1939 619 2003 ubi
641 1961 742 2025 penes
763 1939 925 2026 populum
947 1963 1074 2004 summa
1096 1963 1207 2005 rerum
1230 1951 1290 2018 est,
1322 1939 1397 2004 oriri

337 2040 531 2107 acerrimam
543 2040 708 2128 quandem
720 2053 823 2105 artem
835 2041 1034 2108 dialecticam
1043 2042 1244 2108 diversarum
1256 2041 1398 2128 partium

338 2143 450 2212 studiis
471 2154 683 2230 provocatam
704 2154 737 2206 et
757 2144 928 2220 nutritam,
956 2167 1055 2232 quae,
1086 2143 1111 2207 si
1135 2143 1212 2232 quid
1236 2155 1320 2207 esset
1341 2143 1397 2207 ali-

254 2297 256 2302 .
333 2248 429 2328 'cujus
456 2243 613 2308 sententia
641 2243 682 2308 de
708 2245 805 2308 rebus
837 2245 1075 2332 praedicatum,
1107 2245 1214 2310 statim
1248 2245 1398 2332 opposita

339 2347 500 2436 quaedam
521 2345 573 2409 vel
603 2344 720 2425 debilia
748 2345 780 2408 in
808 2346 923 2411 iisdem
951 2347 1001 2411 vel
1031 2347 1167 2412 ridicula
1193 2347 1339 2411 invenire
1368 2355 1413 2410 et‘

337 2447 580 2538 reprehendere
602 2445 754 2510 hom-ines
777 2447 921 2513 doceret.
964 2449 1093 2515 Deinde
1114 2459 1151 2514 ut
1172 2449 1309 2513 omniuo
1332 2471 1400 2512 car·

338 2553 426 2616 mina
453 2548 635 2615 convicium
662 2547 812 2614 facientia
840 2552 882 2615 ab
909 2550 1120 2616 inferioribus
1147 2550 1342 2640 plerumque
1364 2549 1398 2613 in

338 2652 539 2741 superiores,
569 2650 673 2714 rarius
695 2673 712 2714 a
736 2652 872 2737 paribus
899 2653 930 2716 in
957 2675 1068 2740 pares,
1100 2674 1270 2739 uunquam
1291 2653 1359 2716 lere
1381 2675 1398 2715 a

278 2777 280 2780 ⁴
338 2753 561 2842 superioribus
583 2754 617 2815 in
638 2751 806 2821 inferiores
828 2754 1027 2832 conduntur,
1054 2755 1097 2818 ita
1119 2755 1206 2840 apud
1229 2755 1399 2819 Romanos

330 2878 470 2945 quoque
491 2853 560 2918 fieri
582 2875 650 2918 non
671 2855 790 2940 potuit,
812 2856 892 2944 quin
914 2856 1034 2945 plebeii
1051 2857 1199 2943 oppressi
1217 2854 1399 2942 antiquissi-

337 2958 400 3024 mis
422 2956 626 3043 temporibus
648 2956 762 3045 odium
783 2959 939 3022 acerbum
961 2981 1057 3023 suum
1072 2958 1227 3023 adversus
1247 2958 1399 3044 patricios
1447 2991 1449 2995 Α

336 3073 494 3149 tyrannos
515 3080 591 3122 suos
612 3060 850 3144 exprimerent:

503 3156 744 3246 »Currumque
765 3173 893 3226 secutus
990 3210 993 3217 .

465 3307 467 3312 -
500 3262 713 3347 Laurigerum
735 3262 818 3326 festo
836 3261 1027 3331 ‚fremuisset
1054 3262 1197 3327 carmine
1219 3261 1312 3326 miles
1327 3267 1397 3340 ²⁰).«

421 3367 535 3452 ltaque
566 3362 690 3450 patricii
718 3363 836 3429 offensi
864 3375 897 3429 et
927 3364 1010 3428 illusi
1042 3364 1202 3446 ejusmodi
1235 3363 1398 3428 versiculis

336 3469 443 3556 legem
465 3477 652 3546 sanxerunt,
682 3477 730 3543 ut,
762 3465 787 3530 si
815 3467 887 3554 quis
913 3466 1148 3531 occentavisset
1173 3467 1240 3530 aive
1266 3488 1398 3530 carmen

337 3569 550 3647 condidisset,
593 3569 682 3656 quod
715 3568 886 3634 infamiam
911 3567 1035 3633 faceret
1066 3567 1264 3654 flagitiumve
1298 3567 1398 3647 alteri,

327 3670 639 3758 ,fustuarioperiret
659 3669 829 3757 supplicio.
873 3667 976 3752 Cujus
997 3669 1076 3756 legis
1098 3671 1302 3752 ²⁹)1eandem
1323 3693 1399 3757 pro·

337 3774 488 3842 ferebant
508 3775 578 3839 sine
599 3771 701 3838 dubio
717 3771 841 3861 patricii
858 3793 997 3850 causam,
1019 3794 1119 3860 quam
1136 3768 1255 3838 Cicero
1273 3770 1398 3836 duode-

336 3941 542 3954 —

380 4037 418 4112 Μ)
435 4037 543 4113 Vopisc.
563 4039 653 4096 burel.
672 4061 695 4100 c.
713 4040 738 4098 7.
961 4082 963 4086 -

380 4125 418 4199 ²')
437 4126 531 4184 Claud.
551 4124 690 4184 claudian.
710 4127 744 4184 de
762 4126 860 4183 laudib.
878 4124 1002 4184 stilicon.
1022 4125 1056 4190 ll,
1073 4127 1135 4181 tu·

380 4213 418 4285 ²⁸)
435 4216 494 4270 ΧΠ.
514 4214 603 4270 Tebb.
620 4215 694 4270 Rest.
712 4213 807 4270 Funct
825 4212 888 4279 Vll,
904 4213 930 4269 8.
948 4213 982 4271 cb
1000 4216 1108 4286 August.
1127 4213 1162 4270 de
1178 4211 1236 4268 civ.
1255 4212 1310 4268 Dei
1318 4211 1353 4277 ll,
1370 4210 1395 4265 9.

438 4300 495 4360 cte
512 4300 547 4358 de
564 4301 631 4375 Rop.
647 4298 697 4370 IV,
715 4301 757 4357 1⁰.
