3400 5042
861 486 910 559 rt

361 664 418 731 sed
443 679 575 731 neutrum
604 686 703 748 genus
729 663 932 749 interpretor.
986 663 1038 727 Sic
1070 665 1157 728 enim
1189 665 1278 730 locus
1310 668 1413 731 multo

362 767 484 832 facilius
510 777 639 831 sanatur
670 789 768 853 quam
789 765 941 831 Muelleri
973 766 1214 847 emendatione,
1257 772 1311 856 qui
1340 783 1414 857 post

364 876 501 937 Cloatius
523 871 730 956 interponere
752 869 819 932 vult
841 885 871 933 et
892 875 1019 935 Aelium.

439 979 607 1040 »obstitum
630 977 764 1038 Cloatius
786 985 818 1036 et
844 975 1053 1036 AeliusStilo
1082 996 1151 1037 esse
1178 977 1266 1039 aiunt
1295 976 1414 1039 violan-

360 1090 430 1142 tum
451 1088 670 1164 attactumque
692 1076 732 1140 de
754 1075 857 1140 coelo.
902 1078 1019 1138 Cincius
1047 1099 1148 1161 quom
1177 1079 1232 1164 qui
1255 1079 1317 1142 deo
1340 1080 1414 1142 dee-

362 1204 425 1268 que
447 1179 614 1257 obstiterit,
635 1179 667 1243 id
691 1191 738 1242 est
760 1179 814 1266 qui
837 1178 952 1242 viderit
973 1178 1062 1263 quod
1080 1179 1180 1242 videri
1195 1181 1288 1244 nefas
1306 1194 1413 1245 esset«

359 1283 445 1348 Fest.
456 1304 489 1368 p.
504 1286 571 1347 183.
604 1280 721 1368 Liquet
742 1283 838 1367 igitur
859 1281 892 1344 in
914 1279 993 1344 illud
1015 1304 1146 1345 carmen
1158 1283 1278 1346 Saliare
1301 1285 1413 1349 cadere

360 1385 529 1463 obstitum,
562 1383 616 1447 ubi
647 1384 687 1448 de
714 1382 894 1470 fulguribus
923 1383 1101 1448 condendis
1123 1408 1179 1448 seu
1201 1387 1413 1473 procurandis

360 1488 473 1574 agitur.

444 1593 542 1655 Omen.
564 1588 605 1653 cf.
627 1590 680 1652 Fr.
702 1589 764 1657 No.
786 1595 815 1654 8.

443 1697 577 1758 Oromen.
600 1692 641 1756 cf.
663 1693 717 1756 Fr.
741 1691 802 1755 No.
824 1698 853 1755 9.

442 1800 511 1860 »Pa
531 1818 591 1881 pro
614 1809 715 1879 parte;
748 1807 779 1857 et
800 1819 837 1878 po
860 1817 921 1880 pro
946 1800 1127 1878 potrbsimum
1147 1794 1289 1881 positum
1312 1809 1360 1859 est
1382 1799 1413 1861 in

359 1907 475 1966 Saliari
504 1905 651 1963 caraune«
696 1899 756 1960 lm.
782 1895 923 1963 Huschk.
951 1897 991 1960 de
1013 1896 1122 1959 Annio
1151 1895 1287 1960 Cimbro
1309 1922 1341 1985 p.
1363 1906 1412 1963 53.

360 2028 421 2093 pro
442 2018 530 2089 parte
551 2013 637 2065 recte
659 1999 866 2063 scribendum
888 2009 998 2062 censet
1019 2014 1116 2082 putre,
1138 2000 1298 2086 probante
1316 2003 1412 2066 etiam

361 2095 538 2173 0.tt1uett.
566 2115 597 2166 et
624 2125 685 2189 pro
711 2107 895 2186 potissimum
923 2101 1027 2166 Adina
1056 2101 1155 2165 lrabet
1178 2110 1298 2188 populo.
1348 2107 1414 2168 Pri-

360 2234 452 2275 mum
475 2208 562 2272 enim
584 2205 692 2290 negari
716 2227 782 2268 non
804 2217 920 2291 potest,
942 2205 1119 2268 breviatam
1142 2204 1327 2286 hujusmodi
1339 2211 1414 2276 scri-

359 2315 506 2402 ptionem
517 2307 647 2374 nonnisi
659 2307 692 2370 in
703 2308 806 2382 certis,
827 2307 959 2383 statutis,
974 2307 1116 2392 repetitis
1127 2306 1276 2378 formulis
1288 2309 1413 2373 dicendi

359 2414 520 2488 adbiberi;
543 2409 659 2474 deinde
682 2433 782 2498 quum
806 2409 962 2474 dicimos
986 2421 1069 2472 esset
1080 2410 1236 2474 Romanis
1254 2412 1286 2475 in
1309 2415 1414 2476 omni-

359 2519 420 2582 bus
442 2512 602 2580 sacrificiis
623 2513 853 2600 precibusque:
888 2518 995 2597 pupulo
1017 2517 1150 2577 Romano
1181 2515 1413 2601 Quiritibusque,

360 2618 474 2700 (Pauli.
497 2641 526 2682 v.
549 2616 610 2680 dici
632 2639 664 2703 p.
676 2621 739 2694 67.)
762 2627 1016 2679 consentaneum
1039 2627 1087 2679 est
1109 2616 1205 2679 etiam
1222 2616 1255 2680 in
1272 2619 1413 2681 carmine

361 2720 473 2786 Saliari
494 2733 583 2805 putre
604 2741 640 2782 ac
658 2723 768 2803 populu
791 2717 912 2782 dictum
941 2740 1002 2804 pro
1029 2733 1135 2783 senatu
1159 2727 1328 2805 populoque
1353 2727 1414 2785 Ru-

358 2849 453 2889 munu.
490 2823 640 2887 Fortasse
662 2821 795 2908 antiquo
817 2843 970 2884 sermone
992 2821 1148 2907 seriptum
1171 2835 1252 2885 erat:
1274 2839 1361 2906 purte
1383 2835 1414 2885 et

356 2933 515 3015 poplbcito
538 2923 624 2988 unde
652 2923 749 2988 dubia
776 2923 871 2988 lectio
895 2931 1006 3010 populo
1029 2936 1061 2987 et
1083 2930 1239 3007 potissimo
1262 2925 1413 2990 facillime

360 3029 475 3094 exoriri
496 3038 633 3115 poterat,
1428 3035 1431 3038 ’

443 3135 618 3196 »Pennutos
655 3135 901 3215 impcnnutusqua
937 3155 1032 3208 ugnus
1065 3128 1098 3192 in
1135 3135 1252 3194 Saliari
1287 3140 1414 3196 curmirte

360 3235 462 3323 spicas
488 3233 645 3320 significat
672 3255 746 3296 cum
774 3232 877 3296 aristis
904 3244 936 3295 et
963 3232 1039 3296 alias
1068 3233 1136 3296 sine
1164 3233 1284 3297 aristis:
1316 3257 1413 3320 agnas

360 3361 460 3402 novas
483 3335 585 3400 voluit
610 3335 771 3422 intelligi«
815 3336 841 3399 F
845 3347 900 3399 est.
923 3359 954 3421 p.
977 3341 1047 3399 21⁰.
1091 3335 1140 3398 Ad
1163 3335 1247 3399 hanc
1272 3337 1412 3422 glossam

360 3440 442 3504 Scal.
464 3439 561 3502 affert
582 3435 751 3524 Theoplrr.
774 3440 866 3516 Vllf,
889 3445 907 3503 7
920 3465 926 3500 :
963 3429 1045 3494 »aut
1069 3421 1101 3493 ol
1119 3426 1263 3513 usipus
1277 3434 1413 3520 μικροὶ,

359 3535 421 3600 καὶ
437 3528 582 3604 τούτους
599 3525 659 3604 οὓς
674 3528 844 3596 καλοῦσιν
862 3521 1004 3623 ciprum«
1033 3550 1069 3601 ut
1089 3539 1176 3625 apud
1199 3562 1258 3603 nos
1280 3542 1413 3605 salicum

360 3643 483 3708 flosculi
504 3645 658 3707 Laemmer
679 3653 844 3706 vocantur.
877 3641 1055 3706 Muellerus
1072 3653 1180 3706 autem
1199 3641 1322 3728 optime
1339 3657 1415 3730 post

360 3747 458 3812 verba
490 3745 558 3808 sine
590 3744 693 3809 aristis
725 3743 863 3825 conjecit
893 3743 986 3831 plura
1024 3742 1176 3808 excidisse
1207 3743 1414 3826 hujusmodi:

359 3855 415 3915 sed
444 3852 550 3914 Aelius
581 3873 650 3912 oves
682 3861 795 3912 ueteres
822 3862 868 3919 εἰς
911 3869 987 3910 nam
1019 3845 1104 3911 hanc
1136 3845 1270 3912 alteram
1304 3873 1412 3914 revera

361 3951 459 4016 fuisse
481 3955 566 4015 Aelii
589 3949 889 4035 interpretationem
915 3948 990 4012 inde
1017 3947 1178 4028 firmatur,
1208 3950 1298 4036 quod
1327 3951 1413 4015 idem

360 4054 496 4119 verbum
518 4050 639 4118 Saliare
661 4054 771 4129 Pescia
793 4051 943 4138 explicet:
966 4057 1088 4136 »capitu
1110 4075 1150 4116 ex
1171 4053 1310 4138 pellibus
1331 4061 1414 4132 ugni·

360 4163 406 4221 ub
433 4155 551 4232 factas
591 4173 729 4240 quarum
763 4170 898 4240 utraque
931 4152 1113 4240 explanatio
1145 4154 1229 4218 bene
1262 4156 1414 4220 convenit

360 4279 436 4322 cum
467 4256 573 4346 glossa
601 4260 688 4340 opica
713 4255 792 4324 ovis.
825 4255 865 4321 cf.
893 4279 921 4322 v.
944 4261 1058 4342 pescia.
1121 4260 1272 4320 »Pennum
1304 4267 1412 4321 autem
