3400 5042
778 511 826 581 61

358 685 485 771 Quodsi
522 686 736 751 Etruscorum
775 686 1087 774 contemplationem
1125 688 1236 776 fugere
1267 713 1335 754 non

273 799 415 874 poterat,
451 788 484 851 in
518 799 647 853 montes
679 813 715 853 ac
748 788 838 853 lucos
871 789 1033 854 crebriora
1067 791 1170 877 quati,
1206 792 1335 870 vibrari,

272 891 373 973 trajici
396 890 535 978 fulgura,
555 903 622 955 tota
646 891 726 955 haec
739 891 945 979 Septimontii
959 892 1142 957 distributio
1154 894 1333 958 secundum

271 995 454 1081 Argeorum
481 1016 610 1057 sacrae
636 993 787 1080 fulgurali
814 995 1029 1059 Etruscorum
1056 994 1238 1082 disciplina,
1271 1019 1334 1083 qua

272 1096 321 1159 vel
344 1096 471 1160 numeri
499 1107 578 1174 tres,
610 1109 751 1183 septem,
782 1120 903 1161 novem
931 1120 1056 1162 sacram
1079 1098 1244 1186 quandam
1266 1100 1332 1162 vim

272 1197 446 1276 baberent,
473 1199 683 1287 deprompta,
716 1199 856 1287 ideoque
879 1200 988 1264 oscilla
1010 1201 1196 1286 Argeorum
1218 1201 1332 1265 eadem

272 1300 499 1365 Novensilium
511 1298 794 1388 Consentiamque
815 1302 953 1367 deorum
975 1303 1131 1390 religione
1143 1302 1176 1366 in
1188 1302 1335 1367 Tiberim

272 1403 421 1468 demersa
444 1427 514 1468 esse
536 1403 695 1483 videntur,
717 1427 780 1492 qua
804 1416 835 1468 et
846 1405 974 1468 Etrusci
996 1404 1185 1492 haruspices
1208 1405 1334 1470 fulmen

272 1507 415 1571 condere
437 1519 470 1571 et
491 1506 629 1593 sepelire
656 1507 818 1584 solebant,
851 1518 883 1570 et
908 1507 985 1572 Salii
1012 1531 1145 1572 carmen
1172 1507 1335 1594 piaculare

271 1633 304 1673 se
326 1608 465 1696 praefari
487 1609 648 1695 fulguritis
669 1610 833 1673 montium
856 1608 936 1672 locis
958 1622 1086 1673 canunt.
1121 1609 1220 1694 Quid,
1245 1608 1334 1697 quod

271 1713 409 1776 verbum
437 1710 560 1776 Saliare
587 1713 718 1776 abercet
740 1735 795 1775 seu
819 1716 943 1777 adarcet
971 1713 989 1777 i.
1013 1738 1040 1776 e.
1062 1711 1219 1800 prohibet
1245 1712 1334 1776 idem

270 1813 392 1879 indicat
418 1814 508 1901 quod
535 1817 701 1894 Argeorum
728 1837 785 1877 seu
811 1818 977 1879 Arceorum
1002 1838 1126 1879 nomen
1149 1815 1189 1878 ab
1212 1840 1282 1879 arce
1304 1826 1336 1879 et

271 1922 398 1982 arcendo
421 1915 555 1996 dictum,
576 1929 609 1981 et
630 1916 718 2005 quod
741 1916 802 2002 ipsi
826 1916 904 1980 Salii
926 1941 944 1980 a
965 1923 1113 1981 montz'dus
1135 1941 1193 1981 seu
1215 1922 1335 1982 arcibus

271 2025 352 2086 urbis
364 2018 507 2098 Palatini,
526 2019 721 2105 Quirinales,
738 2015 869 2097 Collini,
880 2019 1043 2104 Agonales
1056 2019 1159 2083 vocati
1174 2018 1335 2100 sunt¹¹⁸)‘?

272 2123 443 2188 Praeterea
466 2147 484 2186 e
508 2124 569 2185 ritu
593 2122 648 2185 illo
678 2121 822 2184 fulminis
848 2121 1025 2208 sepeliendi
1053 2133 1202 2209 apparet,
1235 2143 1334 2208 quam

272 2225 364 2289 facile
387 2224 464 2289 oriri
486 2225 629 2310 potuerit
651 2223 775 2301 sabula,
808 2247 871 2310 qua
901 2223 1049 2289 Herculis
1071 2225 1207 2288 comites
1231 2227 1338 2302 Argivi

272 2327 383 2414 viginti
408 2337 533 2412 septem
563 2325 623 2390 illis
652 2327 731 2389 locis
761 2325 878 2411 sepulti
907 2349 976 2391 esse
1005 2338 1209 2413 putarentur,
1241 2326 1334 2390 sicuti

272 2430 306 2493 in
328 2428 434 2494 Curtii
457 2428 527 2492 lacu
550 2428 652 2492 modo
677 2425 809 2492 Curtius
831 2427 966 2515 quidam
989 2429 1129 2493 Sabinus
1157 2429 1334 2505 demersus,

271 2531 375 2597 modo
397 2530 507 2616 fulgur
526 2553 587 2616 per
607 2531 716 2617 puteal
740 2543 772 2594 et
793 2530 936 2594 bidental
963 2531 1132 2595 conditum
1160 2554 1228 2594 esse
1250 2529 1335 2593 dice-

270 2634 366 2699 batur
387 2635 509 2713 (Varro
532 2633 568 2702 L.
582 2633 618 2697 L.
633 2635 673 2712 V,
698 2639 755 2698 148
778 2656 826 2720 sq.
843 2657 875 2719 p.
894 2639 959 2711 57).
1013 2633 1244 2717 Quamobrem
1266 2655 1333 2697 non

273 2736 409 2800 dubium
437 2734 579 2811 videtur,
617 2735 695 2820 quin
718 2734 794 2798 Salii
818 2734 859 2798 ad
888 2736 1072 2820 Argeorum
1101 2734 1216 2799 sacella
1244 2733 1335 2798 salta-

273 2839 378 2903 tiones
406 2860 478 2901 suas
504 2836 705 2923 peregerint,
737 2849 768 2901 et
795 2837 938 2900 carmina
968 2836 1128 2917 ejusmodi
1161 2836 1333 2922 piacularia

273 2939 484 3005 decantarint.

357 3049 391 3121 4)
414 3046 507 3106 Cunei
526 3052 683 3104 vocantur
703 3040 832 3104 trisulca
845 3041 938 3104 Jovis
955 3040 1018 3104 tela
1032 3040 1148 3123 (Ovid.
1162 3042 1239 3109 lbis.
1251 3047 1335 3119 469),

273 3146 394 3233 quippe
417 3168 500 3233 quae
522 3144 554 3206 in
577 3142 720 3206 nummis
741 3142 880 3229 antiquis
903 3143 1012 3206 videre
1030 3143 1124 3207 liceat
1141 3156 1289 3208 contorta
1303 3145 1335 3206 in

274 3248 367 3311 cunei
394 3247 536 3310 sormam
559 3246 614 3323 (cf.
638 3242 741 3332 Corp.
764 3247 840 3309 Ant.
864 3245 961 3308 Rom.
983 3247 1171 3331 Dempster.
1193 3270 1226 3332 p.
1250 3249 1335 3324 143).

273 3349 333 3413 llis
355 3372 434 3413 vero
456 3354 557 3412 cuner's·
579 3370 638 3433 per
659 3347 903 3433 oppositionem
926 3348 1050 3433 optime
1072 3347 1251 3434 respondet
1267 3371 1336 3412 ver-

308 3652 356 3725 1η)
375 3653 416 3709 Cl
436 3654 521 3710 ludic.
539 3655 612 3710 verb.
632 3654 725 3709 Saliar.
745 3655 878 3727 Hartung.
897 3654 955 3708 Rel.
974 3655 1051 3708 Rom.
1069 3655 1103 3719 ll,
1117 3675 1142 3727 p.
1158 3657 1216 3709 104.
1235 3656 1336 3728 Argeos

342 3801 345 3805 ,
375 3743 461 3797 miuus
478 3744 548 3798 bene
566 3744 599 3798 ab
622 3737 699 3822 oigpoc
726 3743 839 3798 derivat.
892 3744 1041 3814 Argeorum
1064 3763 1138 3796 sacra
1163 3743 1197 3797 ad
1215 3756 1336 3816 tempora

376 3849 438 3891 ante
457 3837 568 3892 Romam
587 3839 741 3910 quadratam
765 3837 900 3892 conditam
923 3850 1043 3910 spectare
1061 3839 1253 3892 Mommsenius
1271 3858 1336 3892 con-

376 3925 448 3980 cedit
465 3925 663 3997 Woeningero
681 3925 712 3993 (l.
732 3923 783 3996 c),
819 3947 887 3998 quae
910 3925 1016 3998 quidem
1043 3926 1176 3979 sententia
1202 3925 1251 3980 bac
1278 3945 1336 3979 mea

376 4012 500 4069 affirmari
527 4026 555 4069 et
581 4015 727 4070 accuratius
754 4013 863 4069 definiri
886 4012 1000 4068 ridetur.
1052 4013 1085 4065 ln
1103 4013 1276 4085 inscriptione
1294 4032 1335 4084 ap.

376 4100 463 4157 orell
481 4123 556 4174 corp.
575 4102 628 4156 No.
647 4101 716 4156 2249
734 4102 858 4172 leguntur
876 4099 974 4155 rerba:
1009 4099 1083 4153 Salio
1111 4101 1178 4157 arcis
1204 4100 1335 4164 Albanae,

375 4191 422 4245 ubi
439 4189 505 4245 arcis
525 4189 596 4245 idern
613 4189 686 4245 valet
703 4210 733 4244 ac
750 4189 861 4252 montis,
889 4206 955 4260 quiae
973 4187 1081 4258 quidem
1099 4189 1182 4242 rerba
1201 4186 1336 4242 affirmant

376 4296 528 4334 connexum
537 4279 680 4334 indicatum
691 4276 736 4350 qui
745 4290 786 4333 est
795 4277 877 4332 inter:
895 4276 984 4348 Argei.
994 4294 1049 4330 arx.
1056 4272 1130 4330 Salii.
1140 4295 1225 4333 mons.
1235 4293 1336 4332 arcere.
