3400 5042
786 550 860 625 170

293 727 420 818 genu)
448 739 479 793 et
506 726 633 791 Persius
665 747 829 813 pavonem
864 723 1106 814 Pythagoreum
1139 723 1283 812 appellat
1302 730 1359 803 ¹⁸);

295 830 349 919 qui
371 843 481 894 tamen
504 828 544 892 de
568 827 747 890 imitatione
770 827 979 914 antiquorum
1003 827 1185 890 carminum
1207 849 1248 890 ne
1272 825 1358 889 divi·

293 943 372 996 nent
398 931 541 1019 quidem.
592 928 682 1014 Quid
711 928 825 1016 igitur?
871 929 960 992 Num
987 951 1047 991 nos
1068 928 1257 1014 putabimus
1279 939 1356 991 tan·

294 1044 365 1097 tum
386 1054 465 1119 prae
488 1055 521 1095 se
545 1032 629 1095 serre
657 1042 788 1118 poetam
817 1030 864 1095 sui
893 1029 1046 1094 fiduciam
1074 1031 1117 1094 ob
1146 1031 1253 1094 solum
1280 1052 1357 1094 ver·

292 1157 388 1200 suum
410 1155 585 1198 numerum
608 1155 625 1196 a
643 1131 776 1198 Graecis
797 1131 944 1219 petitum,
966 1153 1068 1220 quum
1091 1131 1233 1196 imitator
1254 1131 1357 1196 luerit

294 1245 325 1300 et
347 1234 483 1300 Homeri
506 1245 538 1299 et
559 1233 768 1322 antiquorum
791 1232 973 1296 carminum
997 1232 1187 1321 epicorum?

376 1336 543 1400 Praeterea
567 1358 658 1412 vero,
686 1357 784 1424 quam
806 1333 957 1421 populari
980 1333 1129 1398 floruerit
1150 1345 1279 1423 praeter
1300 1358 1355 1399 ce-

292 1449 378 1502 teros
400 1449 512 1524 poetas
534 1437 653 1523 gloria,
686 1436 812 1499 omissis
835 1436 982 1499 laudibus
1011 1435 1206 1522 scriptorum
1230 1437 1356 1501 uberri-

293 1539 364 1619 mis,
385 1539 446 1604 hac
467 1540 674 1626 potissimum
696 1539 727 1601 in
750 1561 784 1601 re
806 1538 1012 1623 conspicitur.
1057 1537 1174 1602 Cicero
1201 1539 1357 1603 videlicet

293 1665 360 1705 non
386 1642 492 1704 solum
522 1644 554 1703 in
581 1640 814 1727 philosophicis
849 1640 940 1703 libris
968 1641 1063 1703 Ennii
1096 1641 1220 1704 nomini
1252 1665 1354 1728 saepe

293 1745 382 1808 addit
403 1745 540 1807 verbum
568 1758 670 1807 noster
686 1749 740 1824 1Ι),
772 1742 827 1806 sed
857 1742 953 1805 ctiam
977 1743 1009 1806 in
1037 1743 1166 1828 publica
1194 1745 1355 1822 oratione,

293 1869 395 1933 quum
417 1845 494 1909 alias
517 1857 628 1909 orator
648 1856 821 1932 poetarum
847 1867 885 1906 ac
911 1843 1188 1932 philosophorum
1215 1846 1354 1910 nomina

291 1949 504 2035 pronuntiare
526 1947 644 2010 veritus
666 1947 720 2022 sit,
752 1970 792 2008 ne
815 1946 939 2009 delicati
963 1947 1103 2011 hominis
1130 1947 1353 2034 suspicionem

293 2050 379 2137 apud
402 2049 514 2136 populi
538 2072 695 2112 coronam
718 2060 881 2124 moveret,
902 2064 1050 2127 nostrum,
1078 2049 1110 2113 id
1134 2061 1181 2114 est
1203 2073 1355 2113 commu-

292 2176 370 2217 nem
396 2151 509 2238 populi
538 2151 680 2213 Romani
710 2149 884 2236 perhibere
916 2174 983 2214 non
1011 2151 1137 2215 dubitat
1152 2155 1204 2229 ²⁹).
1259 2152 1354 2236 Quin
1402 2204 1404 2209 .

291 2253 389 2317 etiam
411 2277 478 2317 non
497 2252 560 2316 alio
578 2253 678 2316 modo
698 2268 807 2337 poetas
825 2253 940 2317 melius
957 2254 1191 2318 commendare
1208 2277 1241 2318 se
1253 2277 1353 2341 posse

291 2356 416 2444 populo
439 2354 618 2431 arbitratur,
640 2378 737 2442 quam
763 2355 803 2418 ab
815 2359 910 2420 Ennio
933 2370 1053 2420 saus-tos
1074 2382 1140 2420 esse
1161 2356 1354 2443 appellatos,

290 2459 323 2523 in
344 2457 518 2521 hominum
540 2460 734 2520 memoriam
758 2457 942 2521 revocando
958 2464 1007 2535 ²¹).

373 2559 503 2625 Eodem
530 2583 626 2624 sensu
649 2583 664 2622 a
688 2559 791 2646 poetis
818 2558 943 2622 Ennius
970 2571 1002 2621 et
1019 2575 1112 2645 puter
1132 2571 1163 2623 ct
1184 2565 1265 2624 alter
1284 2563 1353 2625 Ho-

290 2688 388 2728 merus
409 2673 542 2725 vocatus
564 2672 611 2724 est
626 2667 677 2738 ²¹),
701 2683 803 2748 quum
828 2662 996 2724 Romanae
1019 2662 1125 2748 poesis
1148 2673 1180 2725 et
1201 2672 1294 2748 pater
1316 2674 1352 2727 et

291 2767 455 2829 Homerus
477 2786 545 2826 non
567 2762 624 2825 sibi
647 2773 788 2839 tantum,
821 2762 877 2825 sed
900 2763 998 2826 etiam
1026 2764 1214 2850 aequalibus
1241 2775 1352 2850 poste-

289 2867 396 2954 risque
418 2866 591 2928 videretur.
637 2864 765 2948 Quodsi
787 2887 888 2950 porro
912 2865 1009 2928 Gellii
1031 2876 1180 2952 tempore
1203 2866 1352 2930 exstabat

290 2991 390 3054 genus
418 2971 646 3044 Enniastarum,
678 2965 851 3029 hominum
880 2990 948 3029 non
975 2967 1200 3045 indoctorum,
1231 2969 1285 3055 qui
1315 2969 1349 3032 in

290 3069 421 3134 theatris
443 3069 539 3132 Ennii
562 3069 693 3132 annales
715 3093 789 3132 cum
813 3091 933 3154 magno
955 3069 1069 3156 populi
1095 3070 1209 3156 plausu
1236 3071 1352 3135 recita-

338 3335 373 3405 ΙΙ)
392 3338 461 3392 Hor.
480 3337 548 3409 Epp.
568 3337 603 3398 ΙΙ,
622 3336 646 3401 Ι,
663 3337 718 3391 bil:

501 3424 603 3478 Ennius
623 3438 651 3479 et
668 3424 775 3498 sapiens
793 3437 820 3479 et
838 3423 916 3480 fortis
934 3437 962 3478 et
978 3425 1046 3479 alter
1064 3425 1208 3490 Homerus,

501 3513 542 3566 Ut
559 3511 644 3567 critici
661 3513 766 3576 dicunt,
784 3511 880 3567 leviter
898 3533 987 3566 curare
1005 3512 1119 3575 ridetur,
1217 3580 1220 3591 Ι

502 3600 565 3668 Quo
584 3599 712 3672 promissa
730 3601 827 3656 cadant
845 3614 873 3656 et
890 3601 993 3656 somnia
1010 3601 1188 3671 Pythagorea.

336 3686 372 3756 ²²)
391 3687 494 3742 Persius
512 3689 568 3742 Sat.
586 3689 688 3755 V1,7.:

503 3774 559 3831 Cor
577 3778 651 3846 jubet
668 3778 720 3833 hoc
738 3777 824 3842 Enni,
847 3790 986 3850 postquam
1006 3777 1148 3832 destertuit
1164 3800 1220 3832 esse

501 3865 668 3929 Maeonides,
688 3866 820 3935 Quinctus
838 3886 946 3938 pavone
963 3886 996 3920 ex
1014 3865 1194 3937 Pythagoreo.
1322 3921 1331 3932 .

335 3952 369 4021 ¹⁹)
388 3953 437 4008 Cic
455 3954 489 4007 de
508 3954 599 4007 Dirin.
619 3956 652 4018 ΙΙ,
670 3955 717 4021 50;
735 3955 768 4008 de
786 3955 847 4008 Nat.
868 3956 953 4009 Deor.
973 3955 993 4016 Ι,
1011 3955 1057 4019 42;
1075 3955 1108 4008 de
1127 3968 1225 4010 sanent.
1244 3956 1268 4007 4.

333 4042 369 4109 ²⁰)
389 4042 438 4095 Or.
461 4063 500 4113 pr.
524 4042 621 4096 Archia
643 4056 715 4114 poet.
740 4065 762 4098 c.
786 4044 810 4096 8.
834 4064 884 4115 pro
909 4042 1018 4096 Cornol.
1041 4043 1135 4096 Balbo.
1158 4046 1203 4098 22:
1234 4065 1350 4098 summus

391 4142 471 4201 poeta
488 4143 588 4184 noster.

333 4217 371 4286 ²¹)
389 4218 456 4272 lbid
474 4239 499 4290 p.
517 4219 542 4271 l.

333 4305 370 4375 ²²)
390 4307 458 4360 Hor.
476 4307 543 4379 Epp.
563 4309 583 4371 Ι,
602 4307 676 4372 Ι9,7
679 4305 767 4361 ‚ibid
788 4307 819 4372 ll,
838 4307 863 4373 Ι,
880 4308 922 4360 50.
941 4309 1044 4364 Lucret.
1065 4308 1126 4364 Car.
1146 4310 1167 4377 l,
1186 4309 1243 4362 ΙΙΙ.
