<?xml version="1.0" encoding="UTF-8"?>
<!DOCTYPE html PUBLIC "-//W3C//DTD XHTML 1.0 Transitional//EN"
    "http://www.w3.org/TR/xhtml1/DTD/xhtml1-transitional.dtd">
<html xmlns="http://www.w3.org/1999/xhtml" xml:lang="en" lang="en">
 <head>
  <title>
</title>
<meta http-equiv="Content-Type" content="text/html;charset=utf-8" />
  <meta name='ocr-system' content='tesseract 3.04.00' />
  <meta name='ocr-capabilities' content='ocr_page ocr_carea ocr_par ocr_line ocrx_word'/>
</head>
<body>
  <div class='ocr_page' id='page_1' title='image "./originespoesisr00corsgoog/originespoesisr00corsgoog_0033.png"; bbox 0 0 3400 5042; ppageno 0'>
   <div class='ocr_carea' id='block_1_1' title="bbox 251 721 1380 2556">
    <p class='ocr_par' dir='ltr' id='par_1_1' title="bbox 251 721 1380 2556">
     <span class='ocr_line' id='line_1_1' title="bbox 411 721 1380 817; baseline 0.007 -27"><span class='ocrx_word' id='word_1_1' title='bbox 411 725 512 812; x_wconf 87' lang='lat' dir='ltr'>Quod</span> <span class='ocrx_word' id='word_1_2' title='bbox 534 725 630 812; x_wconf 79' lang='lat' dir='ltr'>igitur</span> <span class='ocrx_word' id='word_1_3' title='bbox 651 727 845 793; x_wconf 77' lang='lat' dir='ltr'><strong>Laurentius</strong></span> <span class='ocrx_word' id='word_1_4' title='bbox 867 726 980 817; x_wconf 87' lang='lat' dir='ltr'>Lydus</span> <span class='ocrx_word' id='word_1_5' title='bbox 1002 724 1172 806; x_wconf 81' lang='lat' dir='ltr'>intellexit,</span> <span class='ocrx_word' id='word_1_6' title='bbox 1205 721 1380 797; x_wconf 85' lang='lat' dir='ltr'>duodecim</span> 
     </span>
     <span class='ocr_line' id='line_1_2' title="bbox 251 828 1380 919; baseline 0.005 -25"><span class='ocrx_word' id='word_1_7' title='bbox 251 914 254 919; x_wconf 24' lang='lat'><em>⁴</em></span> <span class='ocrx_word' id='word_1_8' title='bbox 328 829 433 895; x_wconf 86' lang='lat' dir='ltr'>Salios</span> <span class='ocrx_word' id='word_1_9' title='bbox 452 828 635 894; x_wconf 75' lang='lat' dir='ltr'>sacerdotes</span> <span class='ocrx_word' id='word_1_10' title='bbox 661 828 702 894; x_wconf 89' lang='lat' dir='ltr'>ad</span> <span class='ocrx_word' id='word_1_11' title='bbox 731 830 907 895; x_wconf 86' lang='lat' dir='ltr'>duodecim</span> <span class='ocrx_word' id='word_1_12' title='bbox 938 830 1099 894; x_wconf 79' lang='lat' dir='ltr'>mensium</span> <span class='ocrx_word' id='word_1_13' title='bbox 1136 830 1380 900; x_wconf 86' lang='lat' dir='ltr'>similitudinem</span> 
     </span>
     <span class='ocr_line' id='line_1_3' title="bbox 328 931 1380 1024; baseline 0.005 -28"><span class='ocrx_word' id='word_1_14' title='bbox 328 953 398 996; x_wconf 90' lang='lat' dir='ltr'>esse</span> <span class='ocrx_word' id='word_1_15' title='bbox 419 931 583 997; x_wconf 89' lang='lat' dir='ltr'>institutos</span> <span class='ocrx_word' id='word_1_16' title='bbox 603 937 654 1014; x_wconf 86' lang='lat'>²²),</span> <span class='ocrx_word' id='word_1_17' title='bbox 675 933 770 998; x_wconf 88' lang='lat' dir='ltr'>nobis</span> <span class='ocrx_word' id='word_1_18' title='bbox 792 956 925 1022; x_wconf 89' lang='lat' dir='ltr'>quoque</span> <span class='ocrx_word' id='word_1_19' title='bbox 946 931 1183 1012; x_wconf 88' lang='lat' dir='ltr'>confitendum,</span> <span class='ocrx_word' id='word_1_20' title='bbox 1214 933 1303 1000; x_wconf 87' lang='lat' dir='ltr'>hunc</span> <span class='ocrx_word' id='word_1_21' title='bbox 1321 960 1380 1024; x_wconf 85' lang='lat' dir='ltr'>pa-</span> 
     </span>
     <span class='ocr_line' id='line_1_4' title="bbox 326 1034 1378 1115; baseline 0.008 -17"><span class='ocrx_word' id='word_1_22' title='bbox 326 1057 397 1099; x_wconf 86' lang='lat' dir='ltr'>rem</span> <span class='ocrx_word' id='word_1_23' title='bbox 419 1058 593 1100; x_wconf 89' lang='lat' dir='ltr'>numerum</span> <span class='ocrx_word' id='word_1_24' title='bbox 616 1035 769 1114; x_wconf 88' lang='lat' dir='ltr'>deorum,</span> <span class='ocrx_word' id='word_1_25' title='bbox 790 1036 962 1114; x_wconf 90' lang='lat' dir='ltr'>mensium,</span> <span class='ocrx_word' id='word_1_26' title='bbox 984 1034 1205 1115; x_wconf 89' lang='lat' dir='ltr'>sacerdotum,</span> <span class='ocrx_word' id='word_1_27' title='bbox 1225 1039 1378 1106; x_wconf 77' lang='lat' dir='ltr'>ancilium</span> 
     </span>
     <span class='ocr_line' id='line_1_5' title="bbox 326 1137 1380 1209; baseline 0.007 -7"><span class='ocrx_word' id='word_1_28' title='bbox 326 1137 417 1202; x_wconf 91' lang='lat' dir='ltr'>nullo</span> <span class='ocrx_word' id='word_1_29' title='bbox 439 1138 541 1204; x_wconf 91' lang='lat' dir='ltr'>modo</span> <span class='ocrx_word' id='word_1_30' title='bbox 563 1161 632 1204; x_wconf 89' lang='lat' dir='ltr'>esse</span> <span class='ocrx_word' id='word_1_31' title='bbox 652 1138 834 1204; x_wconf 87' lang='lat' dir='ltr'>fortuitum.</span> <span class='ocrx_word' id='word_1_32' title='bbox 867 1141 920 1204; x_wconf 80' lang='lat' dir='ltr'>An</span> <span class='ocrx_word' id='word_1_33' title='bbox 941 1161 1021 1202; x_wconf 90' lang='lat' dir='ltr'>vero</span> <span class='ocrx_word' id='word_1_34' title='bbox 1041 1138 1109 1203; x_wconf 91' lang='lat' dir='ltr'>sine</span> <span class='ocrx_word' id='word_1_35' title='bbox 1130 1139 1255 1205; x_wconf 92' lang='lat' dir='ltr'>ratione</span> <span class='ocrx_word' id='word_1_36' title='bbox 1270 1141 1380 1209; x_wconf 86' lang='lat' dir='ltr'>Numa</span> 
     </span>
     <span class='ocr_line' id='line_1_6' title="bbox 326 1241 1379 1329; baseline 0.007 -24"><span class='ocrx_word' id='word_1_37' title='bbox 326 1241 402 1305; x_wconf 87' lang='lat' dir='ltr'>novi</span> <span class='ocrx_word' id='word_1_38' title='bbox 424 1241 587 1306; x_wconf 87' lang='lat' dir='ltr'>Saliorum</span> <span class='ocrx_word' id='word_1_39' title='bbox 609 1242 713 1306; x_wconf 90' lang='lat' dir='ltr'>cultus</span> <span class='ocrx_word' id='word_1_40' title='bbox 734 1243 820 1329; x_wconf 86' lang='lat' dir='ltr'>apud</span> <span class='ocrx_word' id='word_1_41' title='bbox 833 1243 1003 1306; x_wconf 84' lang='lat' dir='ltr'>Romanos</span> <span class='ocrx_word' id='word_1_42' title='bbox 1025 1253 1139 1306; x_wconf 83' lang='lat' dir='ltr'>auctor</span> <span class='ocrx_word' id='word_1_43' title='bbox 1157 1242 1283 1328; x_wconf 91' lang='lat' dir='ltr'>primus</span> <span class='ocrx_word' id='word_1_44' title='bbox 1303 1247 1379 1312; x_wconf 83' lang='lat' dir='ltr'>anni</span> 
     </span>
     <span class='ocr_line' id='line_1_7' title="bbox 325 1342 1379 1432; baseline 0.008 -25"><span class='ocrx_word' id='word_1_45' title='bbox 325 1355 484 1432; x_wconf 90' lang='lat' dir='ltr'>tempora,</span> <span class='ocrx_word' id='word_1_46' title='bbox 505 1356 630 1409; x_wconf 87' lang='lat' dir='ltr'>mutato</span> <span class='ocrx_word' id='word_1_47' title='bbox 645 1344 796 1432; x_wconf 89' lang='lat' dir='ltr'>priorum</span> <span class='ocrx_word' id='word_1_48' title='bbox 818 1345 981 1410; x_wconf 83' lang='lat' dir='ltr'>mensium</span> <span class='ocrx_word' id='word_1_49' title='bbox 1003 1342 1127 1422; x_wconf 90' lang='lat' dir='ltr'>ordine,</span> <span class='ocrx_word' id='word_1_50' title='bbox 1148 1344 1190 1409; x_wconf 84' lang='lat' dir='ltr'>ed</span> <span class='ocrx_word' id='word_1_51' title='bbox 1211 1345 1287 1413; x_wconf 88' lang='lat' dir='ltr'>solis</span> <span class='ocrx_word' id='word_1_52' title='bbox 1307 1370 1379 1415; x_wconf 86' lang='lat' dir='ltr'>cur·</span> 
     </span>
     <span class='ocr_line' id='line_1_8' title="bbox 325 1445 1378 1534; baseline 0.006 -24"><span class='ocrx_word' id='word_1_53' title='bbox 325 1471 397 1511; x_wconf 90' lang='lat' dir='ltr'>sum</span> <span class='ocrx_word' id='word_1_54' title='bbox 419 1447 581 1534; x_wconf 80' lang='lat' dir='ltr'>redegisse</span> <span class='ocrx_word' id='word_1_55' title='bbox 604 1448 787 1526; x_wconf 84' lang='lat' dir='ltr'>dicitur²¹)?</span> <span class='ocrx_word' id='word_1_56' title='bbox 819 1447 1048 1531; x_wconf 87' lang='lat' dir='ltr'>Quamobrem</span> <span class='ocrx_word' id='word_1_57' title='bbox 1064 1445 1119 1510; x_wconf 91' lang='lat' dir='ltr'>hic</span> <span class='ocrx_word' id='word_1_58' title='bbox 1133 1447 1232 1512; x_wconf 90' lang='lat' dir='ltr'>totius</span> <span class='ocrx_word' id='word_1_59' title='bbox 1248 1448 1378 1516; x_wconf 82' lang='lat' dir='ltr'>fabulae</span> 
     </span>
     <span class='ocr_line' id='line_1_9' title="bbox 325 1550 1377 1642; baseline 0.004 -28"><span class='ocrx_word' id='word_1_60' title='bbox 325 1575 436 1615; x_wconf 90' lang='lat' dir='ltr'>sensus</span> <span class='ocrx_word' id='word_1_61' title='bbox 448 1575 518 1614; x_wconf 89' lang='lat' dir='ltr'>esse</span> <span class='ocrx_word' id='word_1_62' title='bbox 528 1550 672 1614; x_wconf 89' lang='lat' dir='ltr'>videtur:</span> <span class='ocrx_word' id='word_1_63' title='bbox 706 1551 851 1614; x_wconf 82' lang='lat' dir='ltr'>Numam</span> <span class='ocrx_word' id='word_1_64' title='bbox 874 1550 1037 1636; x_wconf 78' lang='lat' dir='ltr'>religionis</span> <span class='ocrx_word' id='word_1_65' title='bbox 1058 1561 1224 1614; x_wconf 77' lang='lat' dir='ltr'>auctorem</span> <span class='ocrx_word' id='word_1_66' title='bbox 1246 1565 1377 1642; x_wconf 84' lang='lat' dir='ltr'>accepta</span> 
     </span>
     <span class='ocr_line' id='line_1_10' title="bbox 325 1652 1378 1740; baseline 0.003 -22"><span class='ocrx_word' id='word_1_67' title='bbox 325 1655 365 1718; x_wconf 91' lang='lat' dir='ltr'>ab</span> <span class='ocrx_word' id='word_1_68' title='bbox 386 1654 530 1718; x_wconf 80' lang='lat' dir='ltr'>Etruscis</span> <span class='ocrx_word' id='word_1_69' title='bbox 551 1653 775 1740; x_wconf 83' lang='lat' dir='ltr'>haruspicibus</span> <span class='ocrx_word' id='word_1_70' title='bbox 799 1653 948 1740; x_wconf 78' lang='lat' dir='ltr'>fulgurali</span> <span class='ocrx_word' id='word_1_71' title='bbox 971 1652 1198 1717; x_wconf 87' lang='lat' dir='ltr'>Novensilium</span> <span class='ocrx_word' id='word_1_72' title='bbox 1219 1675 1276 1718; x_wconf 89' lang='lat' dir='ltr'>seu</span> <span class='ocrx_word' id='word_1_73' title='bbox 1287 1653 1378 1721; x_wconf 87' lang='lat' dir='ltr'>Con-</span> 
     </span>
     <span class='ocr_line' id='line_1_11' title="bbox 324 1756 1378 1843; baseline 0.003 -21"><span class='ocrx_word' id='word_1_74' title='bbox 324 1757 464 1822; x_wconf 84' lang='lat' dir='ltr'>sentium</span> <span class='ocrx_word' id='word_1_75' title='bbox 497 1757 636 1822; x_wconf 90' lang='lat' dir='ltr'>deorum</span> <span class='ocrx_word' id='word_1_76' title='bbox 668 1756 850 1843; x_wconf 89' lang='lat' dir='ltr'>disciplina,</span> <span class='ocrx_word' id='word_1_77' title='bbox 883 1779 945 1842; x_wconf 92' lang='lat' dir='ltr'>qua</span> <span class='ocrx_word' id='word_1_78' title='bbox 973 1756 1110 1820; x_wconf 87' lang='lat' dir='ltr'>fulmina</span> <span class='ocrx_word' id='word_1_79' title='bbox 1143 1767 1175 1819; x_wconf 89' lang='lat' dir='ltr'>et</span> <span class='ocrx_word' id='word_1_80' title='bbox 1207 1756 1378 1826; x_wconf 76' lang='lat' dir='ltr'>detrahere</span> 
     </span>
     <span class='ocr_line' id='line_1_12' title="bbox 325 1859 1378 1947; baseline 0.002 -22"><span class='ocrx_word' id='word_1_81' title='bbox 325 1861 480 1938; x_wconf 89' lang='lat' dir='ltr'>decoelo,</span> <span class='ocrx_word' id='word_1_82' title='bbox 502 1872 534 1924; x_wconf 92' lang='lat' dir='ltr'>et</span> <span class='ocrx_word' id='word_1_83' title='bbox 553 1882 742 1947; x_wconf 88' lang='lat' dir='ltr'>procurare,</span> <span class='ocrx_word' id='word_1_84' title='bbox 764 1859 788 1922; x_wconf 92' lang='lat' dir='ltr'>si</span> <span class='ocrx_word' id='word_1_85' title='bbox 811 1859 884 1946; x_wconf 88' lang='lat' dir='ltr'>quis</span> <span class='ocrx_word' id='word_1_86' title='bbox 897 1862 1122 1946; x_wconf 86' lang='lat' dir='ltr'>essetperitus,</span> <span class='ocrx_word' id='word_1_87' title='bbox 1133 1871 1259 1947; x_wconf 86' lang='lat' dir='ltr'>posset,</span> <span class='ocrx_word' id='word_1_88' title='bbox 1281 1863 1378 1927; x_wconf 67' lang='lat' dir='ltr'>saeri-</span> 
     </span>
     <span class='ocr_line' id='line_1_13' title="bbox 324 1961 1379 2051; baseline 0.002 -23"><span class='ocrx_word' id='word_1_89' title='bbox 324 1963 394 2028; x_wconf 85' lang='lat' dir='ltr'>licia</span> <span class='ocrx_word' id='word_1_90' title='bbox 416 1962 606 2040; x_wconf 90' lang='lat' dir='ltr'>hominurn,</span> <span class='ocrx_word' id='word_1_91' title='bbox 628 1962 745 2051; x_wconf 86' lang='lat' dir='ltr'>quibus</span> <span class='ocrx_word' id='word_1_92' title='bbox 766 1961 842 2026; x_wconf 90' lang='lat' dir='ltr'>solis</span> <span class='ocrx_word' id='word_1_93' title='bbox 864 1961 1022 2040; x_wconf 86' lang='lat' dir='ltr'>Romani,</span> <span class='ocrx_word' id='word_1_94' title='bbox 1049 1961 1176 2048; x_wconf 77' lang='lat' dir='ltr'>fulgura</span> <span class='ocrx_word' id='word_1_95' title='bbox 1196 1963 1290 2028; x_wconf 82' lang='lat' dir='ltr'>Jovis</span> <span class='ocrx_word' id='word_1_96' title='bbox 1310 1963 1379 2030; x_wconf 87' lang='lat' dir='ltr'>Eli·</span> 
     </span>
     <span class='ocr_line' id='line_1_14' title="bbox 324 2064 1376 2152; baseline 0 -21"><span class='ocrx_word' id='word_1_97' title='bbox 324 2068 362 2131; x_wconf 94' lang='lat' dir='ltr'>cii</span> <span class='ocrx_word' id='word_1_98' title='bbox 385 2090 442 2152; x_wconf 90' lang='lat' dir='ltr'>per</span> <span class='ocrx_word' id='word_1_99' title='bbox 463 2066 547 2132; x_wconf 87' lang='lat' dir='ltr'>Solis</span> <span class='ocrx_word' id='word_1_100' title='bbox 575 2065 719 2130; x_wconf 90' lang='lat' dir='ltr'>calorem</span> <span class='ocrx_word' id='word_1_101' title='bbox 751 2078 826 2130; x_wconf 81' lang='lat' dir='ltr'>ve&#39;re</span> <span class='ocrx_word' id='word_1_102' title='bbox 859 2064 990 2129; x_wconf 90' lang='lat' dir='ltr'>ineunte</span> <span class='ocrx_word' id='word_1_103' title='bbox 1023 2064 1132 2128; x_wconf 88' lang='lat' dir='ltr'>denuo</span> <span class='ocrx_word' id='word_1_104' title='bbox 1163 2065 1278 2144; x_wconf 82' lang='lat' dir='ltr'>jactata</span> <span class='ocrx_word' id='word_1_105' title='bbox 1308 2067 1376 2133; x_wconf 84' lang='lat' dir='ltr'>irae</span> 
     </span>
     <span class='ocr_line' id='line_1_15' title="bbox 323 2166 1376 2256; baseline 0.001 -22"><span class='ocrx_word' id='word_1_106' title='bbox 323 2170 412 2256; x_wconf 78' lang='lat' dir='ltr'>signa</span> <span class='ocrx_word' id='word_1_107' title='bbox 434 2169 650 2255; x_wconf 86' lang='lat' dir='ltr'>interpretati,</span> <span class='ocrx_word' id='word_1_108' title='bbox 682 2168 859 2256; x_wconf 87' lang='lat' dir='ltr'>perniciem</span> <span class='ocrx_word' id='word_1_109' title='bbox 886 2167 991 2233; x_wconf 84' lang='lat' dir='ltr'>esuis</span> <span class='ocrx_word' id='word_1_110' title='bbox 1022 2166 1179 2254; x_wconf 84' lang='lat' dir='ltr'>capitibus</span> <span class='ocrx_word' id='word_1_111' title='bbox 1211 2166 1376 2254; x_wconf 80' lang='lat' dir='ltr'>depellere</span> 
     </span>
     <span class='ocr_line' id='line_1_16' title="bbox 323 2270 1376 2359; baseline 0 -21"><span class='ocrx_word' id='word_1_112' title='bbox 323 2295 357 2338; x_wconf 89' lang='lat' dir='ltr'>se</span> <span class='ocrx_word' id='word_1_113' title='bbox 377 2295 473 2359; x_wconf 92' lang='lat' dir='ltr'>posse</span> <span class='ocrx_word' id='word_1_114' title='bbox 494 2283 657 2358; x_wconf 89' lang='lat' dir='ltr'>putarent,</span> <span class='ocrx_word' id='word_1_115' title='bbox 689 2271 882 2349; x_wconf 88' lang='lat' dir='ltr'>abolevisse,</span> <span class='ocrx_word' id='word_1_116' title='bbox 913 2270 1053 2357; x_wconf 86' lang='lat' dir='ltr'>ideoque</span> <span class='ocrx_word' id='word_1_117' title='bbox 1084 2291 1148 2333; x_wconf 79' lang='lat' dir='ltr'>una</span> <span class='ocrx_word' id='word_1_118' title='bbox 1180 2292 1256 2334; x_wconf 87' lang='lat' dir='ltr'>curn</span> <span class='ocrx_word' id='word_1_119' title='bbox 1287 2292 1376 2338; x_wconf 79' lang='lat' dir='ltr'>novo</span> 
     </span>
     <span class='ocr_line' id='line_1_17' title="bbox 323 2371 1376 2462; baseline 0.002 -24"><span class='ocrx_word' id='word_1_120' title='bbox 323 2375 433 2462; x_wconf 92' lang='lat' dir='ltr'>piandi</span> <span class='ocrx_word' id='word_1_121' title='bbox 455 2375 519 2438; x_wconf 89' lang='lat' dir='ltr'>ritu</span> <span class='ocrx_word' id='word_1_122' title='bbox 541 2386 573 2439; x_wconf 90' lang='lat' dir='ltr'>et</span> <span class='ocrx_word' id='word_1_123' title='bbox 594 2374 757 2439; x_wconf 89' lang='lat' dir='ltr'>Saliorum</span> <span class='ocrx_word' id='word_1_124' title='bbox 785 2373 908 2437; x_wconf 90' lang='lat' dir='ltr'>cultum</span> <span class='ocrx_word' id='word_1_125' title='bbox 930 2396 1006 2436; x_wconf 89' lang='lat' dir='ltr'>cum</span> <span class='ocrx_word' id='word_1_126' title='bbox 1028 2395 1068 2436; x_wconf 90' lang='lat' dir='ltr'>eo</span> <span class='ocrx_word' id='word_1_127' title='bbox 1090 2371 1322 2439; x_wconf 83' lang='lat' dir='ltr'>cohaerentem</span> <span class='ocrx_word' id='word_1_128' title='bbox 1341 2374 1376 2440; x_wconf 87' lang='lat' dir='ltr'>in</span> 
     </span>
     <span class='ocr_line' id='line_1_18' title="bbox 323 2473 1376 2556; baseline 0.001 -14"><span class='ocrx_word' id='word_1_129' title='bbox 323 2479 440 2542; x_wconf 88' lang='lat' dir='ltr'>urbem</span> <span class='ocrx_word' id='word_1_130' title='bbox 462 2477 688 2556; x_wconf 82' lang='lat' dir='ltr'>introduxisse,</span> <span class='ocrx_word' id='word_1_131' title='bbox 721 2487 753 2540; x_wconf 90' lang='lat' dir='ltr'>et</span> <span class='ocrx_word' id='word_1_132' title='bbox 785 2476 861 2540; x_wconf 90' lang='lat' dir='ltr'>anni</span> <span class='ocrx_word' id='word_1_133' title='bbox 894 2475 1036 2540; x_wconf 91' lang='lat' dir='ltr'>rationes</span> <span class='ocrx_word' id='word_1_134' title='bbox 1068 2473 1109 2539; x_wconf 89' lang='lat' dir='ltr'>ad</span> <span class='ocrx_word' id='word_1_135' title='bbox 1141 2474 1217 2540; x_wconf 88' lang='lat' dir='ltr'>solis</span> <span class='ocrx_word' id='word_1_136' title='bbox 1244 2499 1376 2542; x_wconf 87' lang='lat' dir='ltr'>cursum</span> 
     </span>
    </p>
   </div>
   <div class='ocr_carea' id='block_1_2' title="bbox 319 2578 1377 3084">
    <p class='ocr_par' dir='ltr' id='par_1_2' title="bbox 320 2578 1377 2876">
     <span class='ocr_line' id='line_1_19' title="bbox 322 2578 1377 2668; baseline 0 -23"><span class='ocrx_word' id='word_1_137' title='bbox 322 2594 532 2668; x_wconf 85' lang='lat' dir='ltr'>temperasse.</span> <span class='ocrx_word' id='word_1_138' title='bbox 580 2579 633 2645; x_wconf 86' lang='lat' dir='ltr'>Sic</span> <span class='ocrx_word' id='word_1_139' title='bbox 656 2579 743 2643; x_wconf 90' lang='lat' dir='ltr'>enim</span> <span class='ocrx_word' id='word_1_140' title='bbox 766 2579 954 2667; x_wconf 89' lang='lat' dir='ltr'>saepissime</span> <span class='ocrx_word' id='word_1_141' title='bbox 974 2589 1088 2665; x_wconf 83' lang='lat' dir='ltr'>postea</span> <span class='ocrx_word' id='word_1_142' title='bbox 1100 2578 1251 2658; x_wconf 85' lang='lat' dir='ltr'>Romani,</span> <span class='ocrx_word' id='word_1_143' title='bbox 1270 2580 1377 2645; x_wconf 81' lang='lat' dir='ltr'>nunti·</span> 
     </span>
     <span class='ocr_line' id='line_1_20' title="bbox 321 2680 1375 2772; baseline 0 -23"><span class='ocrx_word' id='word_1_144' title='bbox 321 2686 417 2750; x_wconf 88' lang='lat' dir='ltr'>nibus</span> <span class='ocrx_word' id='word_1_145' title='bbox 438 2683 578 2748; x_wconf 85' lang='lat' dir='ltr'>adversis</span> <span class='ocrx_word' id='word_1_146' title='bbox 600 2682 795 2769; x_wconf 76' lang='lat' dir='ltr'>urgentibus,</span> <span class='ocrx_word' id='word_1_147' title='bbox 816 2703 855 2746; x_wconf 87' lang='lat' dir='ltr'>ex</span> <span class='ocrx_word' id='word_1_148' title='bbox 867 2683 1081 2747; x_wconf 88' lang='lat' dir='ltr'>Etruscorum</span> <span class='ocrx_word' id='word_1_149' title='bbox 1092 2680 1260 2769; x_wconf 84' lang='lat' dir='ltr'>disciplina</span> <span class='ocrx_word' id='word_1_150' title='bbox 1275 2702 1375 2772; x_wconf 87' lang='lat' dir='ltr'>opem</span> 
     </span>
     <span class='ocr_line' id='line_1_21' title="bbox 320 2785 849 2876; baseline -0.013 -22"><span class='ocrx_word' id='word_1_151' title='bbox 320 2788 557 2876; x_wconf 89' lang='lat' dir='ltr'>consiliumque</span> <span class='ocrx_word' id='word_1_152' title='bbox 579 2785 777 2874; x_wconf 90' lang='lat' dir='ltr'>quaerebant</span> <span class='ocrx_word' id='word_1_153' title='bbox 798 2789 849 2865; x_wconf 90' lang='lat'>²²).</span> 
     </span>
    </p>

    <p class='ocr_par' dir='ltr' id='par_1_3' title="bbox 319 2884 1374 3084">
     <span class='ocr_line' id='line_1_22' title="bbox 402 2884 1374 2976; baseline 0 -22"><span class='ocrx_word' id='word_1_154' title='bbox 402 2893 560 2954; x_wconf 86' lang='lat' dir='ltr'>Jamvero</span> <span class='ocrx_word' id='word_1_155' title='bbox 598 2899 766 2974; x_wconf 89' lang='lat' dir='ltr'>assumpto</span> <span class='ocrx_word' id='word_1_156' title='bbox 804 2885 870 2951; x_wconf 90' lang='lat' dir='ltr'>hoc</span> <span class='ocrx_word' id='word_1_157' title='bbox 906 2884 1036 2950; x_wconf 86' lang='lat' dir='ltr'>fabulae</span> <span class='ocrx_word' id='word_1_158' title='bbox 1068 2908 1166 2951; x_wconf 87' lang='lat' dir='ltr'>sensu</span> <span class='ocrx_word' id='word_1_159' title='bbox 1196 2886 1238 2955; x_wconf 87' lang='lat' dir='ltr'>ed</span> <span class='ocrx_word' id='word_1_160' title='bbox 1270 2889 1374 2976; x_wconf 82' lang='lat' dir='ltr'>capitu</span> 
     </span>
     <span class='ocr_line' id='line_1_23' title="bbox 319 2989 1374 3084; baseline -0.002 -24"><span class='ocrx_word' id='word_1_161' title='bbox 319 2995 541 3084; x_wconf 86' lang='lat' dir='ltr'>praecedentis</span> <span class='ocrx_word' id='word_1_162' title='bbox 563 2991 787 3078; x_wconf 90' lang='lat' dir='ltr'>disputationis</span> <span class='ocrx_word' id='word_1_163' title='bbox 799 2989 1052 3054; x_wconf 87' lang='lat' dir='ltr'>hanchabemus</span> <span class='ocrx_word' id='word_1_164' title='bbox 1069 3011 1234 3055; x_wconf 89' lang='lat' dir='ltr'>summam</span> <span class='ocrx_word' id='word_1_165' title='bbox 1244 3003 1374 3063; x_wconf 80' lang='lat' dir='ltr'>nostrae</span> 
     </span>
    </p>
   </div>
   <div class='ocr_carea' id='block_1_3' title="bbox 321 3123 555 3137">
    <p class='ocr_par' dir='ltr' id='par_1_4' title="bbox 321 3123 555 3137">
     <span class='ocr_line' id='line_1_24' title="bbox 321 3123 555 3137; baseline -0.013 0"><span class='ocrx_word' id='word_1_166' title='bbox 321 3123 533 3137; x_wconf 58' lang='grc' dir='ltr'>-ιι--υ-ισ--ῠ</span> <span class='ocrx_word' id='word_1_167' title='bbox 553 3130 555 3134; x_wconf 41' lang='lat' dir='ltr'>r</span> 
     </span>
    </p>
   </div>
   <div class='ocr_carea' id='block_1_4' title="bbox 351 3186 1374 3438">
    <p class='ocr_par' dir='ltr' id='par_1_5' title="bbox 351 3186 1374 3438">
     <span class='ocr_line' id='line_1_25' title="bbox 351 3186 1374 3273; baseline 0.008 -30.184"><span class='ocrx_word' id='word_1_168' title='bbox 351 3189 388 3261; x_wconf 86' lang='lat'>²¹)</span> <span class='ocrx_word' id='word_1_169' title='bbox 422 3191 486 3247; x_wconf 89' lang='lat' dir='ltr'>Job</span> <span class='ocrx_word' id='word_1_170' title='bbox 503 3192 628 3248; x_wconf 83' lang='lat' dir='ltr'>Laurent</span> <span class='ocrx_word' id='word_1_171' title='bbox 648 3191 715 3263; x_wconf 84' lang='lat' dir='ltr'>Lyd.</span> <span class='ocrx_word' id='word_1_172' title='bbox 739 3191 772 3247; x_wconf 89' lang='lat' dir='ltr'>de</span> <span class='ocrx_word' id='word_1_173' title='bbox 791 3186 1224 3255; x_wconf 72' lang='lat' dir='ltr'>Mensih.1V.t=nmatm</span> <span class='ocrx_word' id='word_1_174' title='bbox 1243 3188 1374 3273; x_wconf 65' lang='lat' dir='ltr'>aegerrime</span> 
     </span>
     <span class='ocr_line' id='line_1_26' title="bbox 418 3269 1373 3380; baseline 0.004 -49"><span class='ocrx_word' id='word_1_175' title='bbox 418 3276 478 3353; x_wconf 67' lang='lat' dir='ltr'>argis</span> <span class='ocrx_word' id='word_1_176' title='bbox 491 3277 537 3331; x_wconf 79' lang='lat' dir='ltr'>reri</span> <span class='ocrx_word' id='word_1_177' title='bbox 549 3277 647 3349; x_wconf 64' lang='lat' dir='ltr'>Neapoli</span> <span class='ocrx_word' id='word_1_178' title='bbox 658 3297 715 3338; x_wconf 74' lang='lat' dir='ltr'>reos</span> <span class='ocrx_word' id='word_1_179' title='bbox 726 3273 895 3350; x_wconf 66' lang='grc' dir='ltr'>καλουμένους</span> <span class='ocrx_word' id='word_1_180' title='bbox 907 3272 1016 3337; x_wconf 67' lang='lat' dir='ltr'>Zoticus</span> <span class='ocrx_word' id='word_1_181' title='bbox 1030 3269 1157 3380; x_wconf 53' lang='lat' dir='ltr'>egredienti</span> <span class='ocrx_word' id='word_1_182' title='bbox 1175 3288 1276 3360; x_wconf 65' lang='grc' dir='ltr'><strong><em>φαεν,</em></strong></span> <span class='ocrx_word' id='word_1_183' title='bbox 1274 3301 1373 3351; x_wconf 63' lang='lat' dir='ltr'>opser-</span> 
     </span>
     <span class='ocr_line' id='line_1_27' title="bbox 419 3355 1169 3438; baseline 0.001 -25"><span class='ocrx_word' id='word_1_184' title='bbox 419 3381 468 3419; x_wconf 68' lang='grc' dir='ltr'>τις</span> <span class='ocrx_word' id='word_1_185' title='bbox 481 3359 521 3414; x_wconf 75' lang='lat' dir='ltr'>ris</span> <span class='ocrx_word' id='word_1_186' title='bbox 536 3357 607 3417; x_wconf 67' lang='lat' dir='ltr'>rests</span> <span class='ocrx_word' id='word_1_187' title='bbox 622 3355 695 3415; x_wconf 68' lang='lat' dir='ltr'>esrai</span> <span class='ocrx_word' id='word_1_188' title='bbox 706 3382 746 3415; x_wconf 77' lang='lat' dir='ltr'>rot</span> <span class='ocrx_word' id='word_1_189' title='bbox 760 3361 807 3415; x_wconf 78' lang='lat' dir='ltr'>reis</span> <span class='ocrx_word' id='word_1_190' title='bbox 817 3357 946 3415; x_wconf 68' lang='lat' dir='ltr'>’transmit</span> <span class='ocrx_word' id='word_1_191' title='bbox 959 3383 1039 3433; x_wconf 63' lang='lat' dir='ltr'>parus</span> <span class='ocrx_word' id='word_1_192' title='bbox 1015 3355 1169 3438; x_wconf 64' lang='lat' dir='ltr'>dgrbpse&#39;r.</span> 
     </span>
    </p>
   </div>
   <div class='ocr_carea' id='block_1_5' title="bbox 342 3457 1373 4411">
    <p class='ocr_par' dir='ltr' id='par_1_6' title="bbox 342 3457 1373 4411">
     <span class='ocr_line' id='line_1_28' title="bbox 352 3457 1373 3533; baseline 0.007 -20.161"><span class='ocrx_word' id='word_1_193' title='bbox 352 3458 388 3530; x_wconf 85' lang='lat'>¹¹)</span> <span class='ocrx_word' id='word_1_194' title='bbox 424 3460 494 3515; x_wconf 89' lang='lat' dir='ltr'>Plut.</span> <span class='ocrx_word' id='word_1_195' title='bbox 511 3459 558 3515; x_wconf 80' lang='lat' dir='ltr'>vit</span> <span class='ocrx_word' id='word_1_196' title='bbox 577 3461 655 3514; x_wconf 90' lang='lat' dir='ltr'>Num.</span> <span class='ocrx_word' id='word_1_197' title='bbox 675 3483 697 3516; x_wconf 90' lang='lat' dir='ltr'>c</span> <span class='ocrx_word' id='word_1_198' title='bbox 717 3460 750 3515; x_wconf 89' lang='grc'>18</span> <span class='ocrx_word' id='word_1_199' title='bbox 772 3461 805 3516; x_wconf 90' lang='lat' dir='ltr'>de</span> <span class='ocrx_word' id='word_1_200' title='bbox 824 3461 912 3515; x_wconf 86' lang='lat' dir='ltr'>Numa</span> <span class='ocrx_word' id='word_1_201' title='bbox 929 3461 1027 3516; x_wconf 79' lang='lat' dir='ltr'>refert·</span> <span class='ocrx_word' id='word_1_202' title='bbox 1062 3457 1211 3525; x_wconf 73' lang='lat' dir='ltr'>Mmeirars</span> <span class='ocrx_word' id='word_1_203' title='bbox 1230 3457 1315 3518; x_wconf 64' lang='lat' dir='ltr'>ii¹</span> <span class='ocrx_word' id='word_1_204' title='bbox 1274 3485 1315 3533; x_wconf 71' lang='lat' dir='ltr'>eq</span> <span class='ocrx_word' id='word_1_205' title='bbox 1331 3464 1373 3527; x_wconf 72' lang='lat' dir='ltr'>esis</span> 
     </span>
     <span class='ocr_line' id='line_1_29' title="bbox 419 3537 1373 3647; baseline 0.006 -48"><span class='ocrx_word' id='word_1_206' title='bbox 419 3538 493 3616; x_wconf 67' lang='grc' dir='ltr'>τάξιν</span> <span class='ocrx_word' id='word_1_207' title='bbox 513 3545 560 3599; x_wconf 75' lang='lat' dir='ltr'>reis</span> <span class='ocrx_word' id='word_1_208' title='bbox 578 3545 670 3616; x_wconf 66' lang='lat' dir='ltr'>passis</span> <span class='ocrx_word' id='word_1_209' title='bbox 713 3547 753 3600; x_wconf 77' lang='grc' dir='ltr'>τὸν</span> <span class='ocrx_word' id='word_1_210' title='bbox 773 3567 826 3640; x_wconf 67' lang='grc' dir='ltr'>γις</span> <span class='ocrx_word' id='word_1_211' title='bbox 841 3538 960 3647; x_wconf 64' lang='lat' dir='ltr'>Moigrm</span> <span class='ocrx_word' id='word_1_212' title='bbox 979 3545 1074 3624; x_wconf 63' lang='lat' dir='ltr'>apim</span> <span class='ocrx_word' id='word_1_213' title='bbox 1093 3537 1169 3616; x_wconf 71' lang='lat' dir='ltr'>irre,</span> <span class='ocrx_word' id='word_1_214' title='bbox 1187 3541 1267 3624; x_wconf 58' lang='lat' dir='ltr'>spires</span> <span class='ocrx_word' id='word_1_215' title='bbox 1288 3539 1373 3620; x_wconf 72' lang='grc' dir='ltr'>ιταξι,</span> 
     </span>
     <span class='ocr_line' id='line_1_30' title="bbox 418 3616 1373 3728; baseline 0.003 -44"><span class='ocrx_word' id='word_1_216' title='bbox 418 3629 514 3728; x_wconf 45' lang='lat' dir='ltr'>xgeirpr</span> <span class='ocrx_word' id='word_1_217' title='bbox 534 3623 609 3684; x_wconf 70' lang='lat' dir='ltr'>ii</span> <span class='ocrx_word' id='word_1_218' title='bbox 582 3650 622 3682; x_wconf 77' lang='lat' dir='ltr'>ror</span> <span class='ocrx_word' id='word_1_219' title='bbox 638 3622 810 3726; x_wconf 46' lang='lat' dir='ltr'>&#39;torporique&#39;</span> <span class='ocrx_word' id='word_1_220' title='bbox 802 3617 862 3690; x_wconf 72' lang='lat' dir='ltr'>isne</span> <span class='ocrx_word' id='word_1_221' title='bbox 841 3616 1002 3690; x_wconf 63' lang='lat' dir='ltr'>{edium</span> <span class='ocrx_word' id='word_1_222' title='bbox 1016 3627 1078 3684; x_wconf 73' lang='lat' dir='ltr'>lari</span> <span class='ocrx_word' id='word_1_223' title='bbox 1078 3623 1215 3701; x_wconf 52' lang='lat' dir='ltr'>fundaro,</span> <span class='ocrx_word' id='word_1_224' title='bbox 1234 3624 1373 3694; x_wconf 56' lang='lat' dir='ltr'>bilmas</span> 
     </span>
     <span class='ocr_line' id='line_1_31' title="bbox 417 3706 1371 3791; baseline 0.004 -25"><span class='ocrx_word' id='word_1_225' title='bbox 417 3706 502 3766; x_wconf 71' lang='lat' dir='ltr'>di</span> <span class='ocrx_word' id='word_1_226' title='bbox 462 3733 503 3782; x_wconf 71' lang='grc' dir='ltr'>κη</span> <span class='ocrx_word' id='word_1_227' title='bbox 523 3712 659 3772; x_wconf 69' lang='grc' dir='ltr'>τελευταῖος</span> <span class='ocrx_word' id='word_1_228' title='bbox 680 3711 691 3766; x_wconf 79' lang='lat' dir='ltr'>i</span> <span class='ocrx_word' id='word_1_229' title='bbox 709 3706 915 3790; x_wconf 66' lang='grc' dir='ltr'>Φεβςουαίςιος,ὦ</span> <span class='ocrx_word' id='word_1_230' title='bbox 898 3735 975 3767; x_wconf 71' lang='lat' dir='ltr'>eros</span> <span class='ocrx_word' id='word_1_231' title='bbox 993 3707 1093 3791; x_wconf 63' lang='lat' dir='ltr'>demiges</span> <span class='ocrx_word' id='word_1_232' title='bbox 1111 3732 1226 3791; x_wconf 57' lang='lat' dir='ltr'>annas.</span> <span class='ocrx_word' id='word_1_233' title='bbox 1269 3712 1371 3787; x_wconf 82' lang='lat' dir='ltr'>Quoe</span> 
     </span>
     <span class='ocr_line' id='line_1_32' title="bbox 421 3805 1371 3880; baseline 0.004 -20"><span class='ocrx_word' id='word_1_234' title='bbox 421 3806 482 3861; x_wconf 92' lang='lat' dir='ltr'>loco</span> <span class='ocrx_word' id='word_1_235' title='bbox 501 3818 573 3861; x_wconf 88' lang='lat' dir='ltr'>recte</span> <span class='ocrx_word' id='word_1_236' title='bbox 590 3806 701 3861; x_wconf 87' lang='lat' dir='ltr'>Jaekel:</span> <span class='ocrx_word' id='word_1_237' title='bbox 719 3807 764 3860; x_wconf 92' lang='lat' dir='ltr'>De</span> <span class='ocrx_word' id='word_1_238' title='bbox 782 3806 832 3861; x_wconf 89' lang='lat' dir='ltr'>diis</span> <span class='ocrx_word' id='word_1_239' title='bbox 850 3805 959 3874; x_wconf 87' lang='lat' dir='ltr'>Italicis,</span> <span class='ocrx_word' id='word_1_240' title='bbox 976 3827 1066 3880; x_wconf 75' lang='lat' dir='ltr'>progr.</span> <span class='ocrx_word' id='word_1_241' title='bbox 1084 3805 1169 3862; x_wconf 83' lang='lat' dir='ltr'>schol.</span> <span class='ocrx_word' id='word_1_242' title='bbox 1185 3806 1277 3862; x_wconf 85' lang='lat' dir='ltr'>Berol.</span> <span class='ocrx_word' id='word_1_243' title='bbox 1296 3808 1371 3864; x_wconf 82' lang='grc'><strong>1830.</strong></span> 
     </span>
     <span class='ocr_line' id='line_1_33' title="bbox 421 3894 1372 3971; baseline 0.007 -24"><span class='ocrx_word' id='word_1_244' title='bbox 421 3915 447 3965; x_wconf 90' lang='lat' dir='ltr'>p.</span> <span class='ocrx_word' id='word_1_245' title='bbox 464 3895 507 3947; x_wconf 79' lang='lat' dir='ltr'>at.</span> <span class='ocrx_word' id='word_1_246' title='bbox 529 3894 706 3960; x_wconf 89' lang='lat' dir='ltr'>demonstrat,</span> <span class='ocrx_word' id='word_1_247' title='bbox 732 3894 807 3950; x_wconf 90' lang='lat' dir='ltr'>nullo</span> <span class='ocrx_word' id='word_1_248' title='bbox 833 3894 913 3949; x_wconf 89' lang='lat' dir='ltr'>modo</span> <span class='ocrx_word' id='word_1_249' title='bbox 940 3894 1032 3950; x_wconf 90' lang='lat' dir='ltr'>decern</span> <span class='ocrx_word' id='word_1_250' title='bbox 1057 3908 1160 3951; x_wconf 84' lang='lat' dir='ltr'>tantum</span> <span class='ocrx_word' id='word_1_251' title='bbox 1182 3915 1284 3971; x_wconf 82' lang='lat' dir='ltr'>menses</span> <span class='ocrx_word' id='word_1_252' title='bbox 1308 3910 1372 3954; x_wconf 82' lang='lat' dir='ltr'>ente</span> 
     </span>
     <span class='ocr_line' id='line_1_34' title="bbox 420 3980 964 4038; baseline 0.004 -4"><span class='ocrx_word' id='word_1_253' title='bbox 420 3982 532 4035; x_wconf 86' lang='lat' dir='ltr'>Numam</span> <span class='ocrx_word' id='word_1_254' title='bbox 551 3985 697 4038; x_wconf 83' lang='lat' dir='ltr'>Romanum</span> <span class='ocrx_word' id='word_1_255' title='bbox 716 4003 815 4037; x_wconf 88' lang='lat' dir='ltr'>annum</span> <span class='ocrx_word' id='word_1_256' title='bbox 832 3980 964 4037; x_wconf 85' lang='lat' dir='ltr'>habuisse.</span> 
     </span>
     <span class='ocr_line' id='line_1_35' title="bbox 342 4070 1372 4146; baseline 0.008 -22"><span class='ocrx_word' id='word_1_257' title='bbox 342 4070 379 4140; x_wconf 77' lang='lat'>²²)</span> <span class='ocrx_word' id='word_1_258' title='bbox 414 4071 572 4126; x_wconf 86' lang='lat' dir='ltr'>Plutarchus</span> <span class='ocrx_word' id='word_1_259' title='bbox 591 4072 608 4126; x_wconf 90' lang='lat' dir='ltr'>l.</span> <span class='ocrx_word' id='word_1_260' title='bbox 627 4094 649 4127; x_wconf 87' lang='lat' dir='ltr'>c.</span> <span class='ocrx_word' id='word_1_261' title='bbox 667 4072 843 4143; x_wconf 89' lang='lat' dir='ltr'>pestilentiam</span> <span class='ocrx_word' id='word_1_262' title='bbox 862 4092 966 4126; x_wconf 87' lang='lat' dir='ltr'>cansam</span> <span class='ocrx_word' id='word_1_263' title='bbox 984 4072 1075 4135; x_wconf 81' lang='lat' dir='ltr'>alfort,</span> <span class='ocrx_word' id='word_1_264' title='bbox 1092 4091 1172 4146; x_wconf 84' lang='lat' dir='ltr'>quere</span> <span class='ocrx_word' id='word_1_265' title='bbox 1189 4073 1372 4132; x_wconf 82' lang='lat' dir='ltr'>NnmeSalios</span> 
     </span>
     <span class='ocr_line' id='line_1_36' title="bbox 419 4159 1371 4233; baseline 0.007 -19"><span class='ocrx_word' id='word_1_266' title='bbox 419 4161 567 4216; x_wconf 84' lang='lat' dir='ltr'>sacerdotes</span> <span class='ocrx_word' id='word_1_267' title='bbox 586 4159 738 4216; x_wconf 88' lang='lat' dir='ltr'>instituerit.</span> <span class='ocrx_word' id='word_1_268' title='bbox 782 4161 818 4214; x_wconf 81' lang='lat' dir='ltr'>Ae</span> <span class='ocrx_word' id='word_1_269' title='bbox 836 4180 915 4233; x_wconf 83' lang='lat' dir='ltr'>quum</span> <span class='ocrx_word' id='word_1_270' title='bbox 932 4159 1040 4232; x_wconf 83' lang='lat' dir='ltr'>Jupiter</span> <span class='ocrx_word' id='word_1_271' title='bbox 1056 4161 1157 4217; x_wconf 85' lang='lat' dir='ltr'>Elicius</span> <span class='ocrx_word' id='word_1_272' title='bbox 1174 4159 1220 4216; x_wconf 90' lang='lat' dir='ltr'>illc</span> <span class='ocrx_word' id='word_1_273' title='bbox 1245 4165 1371 4220; x_wconf 77' lang='lat' dir='ltr'>nocentia</span> 
     </span>
     <span class='ocr_line' id='line_1_37' title="bbox 419 4248 1371 4333; baseline 0.008 -31"><span class='ocrx_word' id='word_1_274' title='bbox 419 4248 529 4303; x_wconf 80' lang='lat' dir='ltr'>fulmina</span> <span class='ocrx_word' id='word_1_275' title='bbox 547 4269 673 4321; x_wconf 83' lang='lat' dir='ltr'>spargens</span> <span class='ocrx_word' id='word_1_276' title='bbox 691 4249 778 4305; x_wconf 85' lang='lat' dir='ltr'>affinis</span> <span class='ocrx_word' id='word_1_277' title='bbox 797 4251 832 4305; x_wconf 91' lang='lat' dir='ltr'>sit</span> <span class='ocrx_word' id='word_1_278' title='bbox 841 4249 930 4305; x_wconf 89' lang='lat' dir='ltr'>Vedio</span> <span class='ocrx_word' id='word_1_279' title='bbox 948 4248 1003 4303; x_wconf 83' lang='lat' dir='ltr'>sive</span> <span class='ocrx_word' id='word_1_280' title='bbox 1019 4248 1084 4304; x_wconf 84' lang='lat' dir='ltr'>Jovi</span> <span class='ocrx_word' id='word_1_281' title='bbox 1101 4249 1228 4306; x_wconf 78' lang='lat' dir='ltr'>infernali</span> <span class='ocrx_word' id='word_1_282' title='bbox 1245 4251 1371 4333; x_wconf 80' lang='lat' dir='ltr'>pestifere</span> 
     </span>
     <span class='ocr_line' id='line_1_38' title="bbox 419 4336 1225 4411; baseline 0.004 -19"><span class='ocrx_word' id='word_1_283' title='bbox 419 4337 523 4408; x_wconf 77' lang='lat' dir='ltr'>fulgura</span> <span class='ocrx_word' id='word_1_284' title='bbox 540 4338 659 4411; x_wconf 68' lang='lat' dir='ltr'>ipsasque</span> <span class='ocrx_word' id='word_1_285' title='bbox 677 4338 844 4411; x_wconf 84' lang='lat' dir='ltr'>pestilentias</span> <span class='ocrx_word' id='word_1_286' title='bbox 861 4338 999 4404; x_wconf 85' lang='lat' dir='ltr'>mittente,</span> <span class='ocrx_word' id='word_1_287' title='bbox 1021 4337 1090 4392; x_wconf 88' lang='lat' dir='ltr'>nihil</span> <span class='ocrx_word' id='word_1_288' title='bbox 1106 4336 1225 4395; x_wconf 80' lang='lat' dir='ltr'>interest.</span> 
     </span>
    </p>
   </div>
   <div class='ocr_carea' id='block_1_6' title="bbox 0 0 1704 5042">
    <p class='ocr_par' dir='ltr' id='par_1_7' title="bbox 0 0 1704 5042">
     <span class='ocr_line' id='line_1_39' title="bbox 0 0 1704 5042; baseline 0 4"><span class='ocrx_word' id='word_1_289' title='bbox 0 0 1704 5042; x_wconf 95' lang='lat' dir='ltr'> </span> 
     </span>
    </p>
   </div>
  </div>
 </body>
</html>
