3400 5042
808 482 883 578 'aa

329 682 538 749 referendum
561 705 658 770 supra
680 682 942 749 demonstratum
969 694 1024 749 est.
1078 683 1184 748 Simili
1206 683 1333 749 ratione
1356 696 1388 748 et

330 785 555 851 suovetaurilia
585 792 748 864 circumagi
771 787 976 864 dicebantur,
1009 797 1041 850 et
1066 793 1230 866 circumagi
1254 788 1386 873 propria

328 913 391 954 vox
414 888 455 952 ad
477 911 533 953 eos
554 889 696 974 pertinet
723 889 778 976 qui
801 888 833 953 in
855 887 1007 976 precibus
1030 888 1193 954 sacrificiis
1215 890 1248 952 in
1271 912 1387 952 omnes

327 1002 436 1078 partes
459 1014 493 1054 se
514 1002 641 1055 vertere
663 991 831 1067 solebant;
854 992 969 1074 eadem
992 990 1134 1079 denique
1156 991 1282 1057 ratione
1303 996 1388 1071 Ago-

328 1100 408 1158 nium
431 1105 463 1157 et
485 1093 561 1157 Salii
585 1097 760 1174 Aganeuscs
782 1095 908 1158 dicitur.

410 1200 566 1274 „Amata
590 1198 739 1261 Annum«
773 1197 862 1260 Paul.
876 1197 927 1259 Di.
950 1201 1044 1282 pac.
1067 1196 1185 1283 Bergk.
1204 1196 1264 1261 l.c.
1287 1219 1386 1284 quam

329 1299 462 1388 quidem
484 1300 626 1384 glossam
652 1299 739 1362 varie
766 1310 934 1362 tentarunt
960 1297 1049 1362 editt.
1092 1298 1245 1385 Legerim
1271 1305 1386 1375 auceia,

328 1413 377 1478 ut,
400 1401 556 1488 quoniam
578 1423 645 1465 non
663 1400 873 1488 geminabant
894 1400 1017 1486 antiqui
1039 1400 1161 1478 literas,
1193 1398 1385 1465 adverbium

327 1503 367 1567 sit
388 1504 429 1567 ab
462 1501 621 1583 adjectivo
654 1527 783 1566 annosus
816 1500 1046 1566 deducendum
1080 1501 1226 1583 ejusdem
1259 1503 1386 1590 generis

327 1617 423 1692 atque
445 1610 585 1669 ambasia
608 1616 641 1668 et
661 1611 808 1683 antigcrr‘o
830 1605 863 1666 in
886 1605 957 1691 ipso
979 1604 1094 1669 Saliari
1107 1604 1260 1683 carmine,
1282 1628 1384 1693 quum

327 1708 518 1793 praesertim
540 1707 690 1771 adverbia
712 1706 849 1770 omnino
873 1705 1151 1771 substantivorum
1173 1706 1303 1771 ablativi
1316 1730 1385 1771 esse

328 1808 509 1877 videantur.
552 1807 606 1873 sic
628 1815 751 1873 annosa>
773 1806 986 1872 referendum
1008 1820 1093 1873 esset
1114 1809 1154 1872 ad
1167 1815 1287 1877 ancr‘lia.
1329 1809 1385 1872 Et-

326 1911 415 1975 enim
437 1908 518 1975 haec
540 1911 572 1974 in
595 1923 721 1976 vetusto
749 1909 856 1995 lapide
882 1932 933 1997 ap.
956 1910 1088 1975 Gruter.
1110 1933 1182 1997 pag.
1205 1909 1383 1976 CLXXlll.

325 2013 389 2077 Νο.
411 2019 440 2077 5.
462 2013 673 2078 nominantur
693 2015 790 2078 Arma
810 2018 944 2076 annalia.
971 2012 1012 2082 cf.
1034 2012 1136 2078 Gutb.
1158 2036 1190 2100 p.
1212 2021 1263 2080 st.

407 2116 559 2193 Anclare,
591 2114 720 2180 haurire
752 2114 855 2183 Pauli.
882 2138 914 2202 p.
938 2121 986 2180 10.
1019 2115 1122 2180 Recte
1155 2113 1198 2179 Ο.
1220 2115 1333 2185 Muell.
1365 2139 1383 2179 a
1461 2145 1463 2148 ·

325 2217 454 2283 Graeco
487 2197 610 2302 ἇρῐλίῦ
631 2219 801 2304 sejungens
822 2218 963 2281 verbum
983 2216 1071 2282 idem
1094 2240 1163 2282 esse
1183 2217 1271 2297 vidit,
1292 2217 1382 2306 quod

324 2327 473 2385 arcularc.
496 2319 598 2383 Paull.
620 2343 652 2406 p.
678 2327 734 2385 19:
778 2323 937 2385 »Ancillae
960 2368 967 2384 .
989 2367 1028 2388 ..
1071 2320 1138 2384 sive
1166 2319 1241 2385 ideo
1274 2321 1384 2408 appel-

324 2423 432 2488 lantur
453 2422 543 2510 quod
566 2421 689 2509 antiqui
711 2429 853 2489 annulare
875 2422 1028 2488 dicebant
1048 2444 1109 2508 pro
1132 2413 1322 2501 ministrare,
1344 2445 1382 2486 ex

325 2548 390 2612 qno
413 2524 456 2587 dii
479 2546 610 2612 quoque
638 2546 675 2588 ac
704 2525 783 2591 deae
810 2527 961 2591 feruntur
997 2524 1073 2602 coli,
1106 2524 1224 2611 quibus
1246 2525 1381 2589 nomina

324 2639 401 2694 sunt
421 2630 533 2693 Anculi
557 2639 590 2692 et
619 2629 765 2698 Anculac.
829 2630 883 2694 Ab
913 2632 1052 2694 anclabri
1070 2626 1188 2691 deinde
1210 2625 1381 2692 hauriendi
1462 2686 1470 2699 ,

322 2730 509 2818 significatio
531 2729 669 2794 deducta
691 2742 747 2796 est.
791 2730 832 2796 cf.
855 2755 884 2796 v.
907 2753 956 2818 sq.

405 2837 565 2898 Aaclabris
596 2858 699 2898 measa
730 2832 916 2898 ministeriis
947 2831 1066 2896 divinis
1098 2842 1215 2917 aptata.
1269 2833 1380 2896 »Vasa

323 2959 455 3024 quoque
479 2959 516 2999 ea
539 2935 657 3022 quibus
684 2934 868 3000 sacerdotes
901 2945 1052 3011 utuntur,
1085 2938 1242 2998 anclahria
1272 2933 1382 3021 appel-

321 3039 458 3103 lantur«
491 3037 592 3103 Paull.
614 3060 645 3123 p.
672 3046 719 3103 ll.
762 3037 919 3102 Similiter
939 3036 1040 3101 Pauli.
1062 3059 1094 3122 p.
1118 3042 1177 3102 77:
1210 3037 1381 3101 »Escariae

321 3165 455 3207 mensae
477 3138 652 3227 quadratae
673 3150 848 3217 vocantur,
880 3139 914 3203 in
937 3138 1053 3225 quibus
1074 3137 1227 3203 homines
1249 3137 1382 3224 epulan-

320 3257 383 3312 tur.
426 3241 596 3307 Anclabris
618 3264 665 3320 ea,
688 3264 751 3329 qua
773 3241 807 3306 in
819 3240 1030 3307 sacrificando
1042 3241 1102 3306 diis
1119 3246 1268 3320 anclatur,
1290 3239 1379 3327 quod

320 3357 370 3412 est
390 3344 537 3410 hauritur
557 3344 856 3431 ministraturque.«
905 3344 998 3409 Patet
1018 3355 1105 3409 certe
1127 3366 1145 3408 a
1167 3343 1269 3408 verbo
1291 3369 1381 3407 ancu-

320 3454 407 3514 iandi
425 3446 607 3534 compluria
630 3468 720 3512 sacra
743 3433 925 3519 ministeria
942 3457 1040 3534 atque
1062 3445 1209 3511 utensilia
1231 3445 1380 3510 denomi-

320 3563 394 3616 nata
416 3567 507 3634 esse3
529 3572 590 3614 nec
612 3547 750 3613 dubium
763 3548 900 3627 videtur,
922 3549 1109 3636 quinetiam
1122 3548 1229 3635 ipsum
1241 3547 1378 3612 verbum

320 3659 417 3719 ancile
438 3654 479 3717 ab
503 3651 619 3716 eadem
640 3651 739 3738 stirpe
761 3651 802 3717 sit
822 3650 1064 3716 deducendum.

402 3755 565 3820 Andruara
587 3752 629 3822 cf.
650 3777 679 3818 v.
702 3776 749 3840 sq.

402 3860 554 3922 Autrcarc
574 3854 691 3942 gratias
712 3856 844 3921 referre.
877 3858 1002 3921 Trusnt
1016 3865 1200 3919 moventur.
1232 3855 1379 3918 »Truam

320 3982 454 4049 quoque
476 3969 610 4038 vocant,
642 3980 708 4045 quo
730 3970 929 4045 permovent
950 3967 1128 4045 coquentes
1150 3966 1252 4021 exta«
1285 3955 1326 4020 cs.
1348 3980 1378 4020 v.

318 4061 536 4128 redantruare.
579 4059 711 4125 Muell.:
744 4062 913 4148 »Apparet
933 4082 1003 4124 non
1024 4059 1131 4124 solum
1153 4074 1325 4145 amptruarc
1346 4069 1379 4121 et

318 4180 462 4230 antruarc
485 4162 608 4229 dictum
621 4185 708 4242 esse,
729 4163 812 4228 sicut
822 4174 986 4253 temptare
997 4173 1030 4227 et
1040 4172 1178 4240 tentare,
1200 4160 1257 4224 sed
1280 4160 1378 4233 etiam

317 4267 410 4334 litera
431 4266 461 4331 Τ
482 4264 627 4332 emollita
649 4269 808 4334 arrdruarc.
862 4267 906 4332 At
926 4263 1006 4331 illud
1028 4264 1167 4331 verbum
1189 4277 1273 4343 trus,
1304 4284 1378 4326 mo-
