3400 5042
821 566 892 638 lll

329 741 439 806 laudes
450 753 657 806 mortuorum
670 765 743 805 cnm
757 745 961 830 querimonia
973 743 1181 829 superstitum
1194 746 1384 825 conjunctae

329 858 506 930 appareant
520 851 569 924 ¹⁰).

411 947 639 1031 Quamobrem
671 949 782 1036 priscis
814 949 1018 1035 temporibus
1050 950 1221 1033 gentilibus
1249 962 1280 1024 et
1308 972 1383 1035 pro-

327 1052 457 1136 pinquis
478 1050 766 1117 honoratissimum
788 1074 952 1139 quemque
976 1053 1082 1116 virum
1103 1075 1164 1139 pro
1185 1053 1297 1116 rostris
1319 1052 1385 1115 lau-

328 1141 494 1231 dantibus,
527 1153 595 1218 fteri
618 1178 685 1219 uon
706 1155 824 1241 potuit,
858 1157 936 1242 quin
962 1156 1174 1242 patriciorum
1196 1155 1382 1243 superbiam

326 1256 388 1319 hac
417 1256 502 1343 ipsae
535 1256 736 1321 laudationes
770 1259 975 1333 redolerent;
1013 1258 1045 1321 id
1074 1259 1164 1345 quod
1197 1257 1384 1344 intelligitur

327 1361 424 1422 etiam
447 1384 464 1421 e
486 1361 670 1446 fragmento
692 1359 884 1424 laudationis
907 1385 923 1424 a
946 1360 1036 1424 Julio
1060 1361 1198 1425 Caesare
1221 1361 1381 1424 institutae

325 1462 411 1548 apud
424 1462 617 1527 Suetonium
639 1474 765 1526 servato
782 1468 834 1542 ²¹):
862 1463 1009 1527 »Amitae
1032 1487 1123 1528 meae
1135 1465 1242 1529 Juliae
1264 1476 1382 1528 mater-

326 1587 405 1628 num
426 1586 528 1651 genus
555 1567 594 1629 ab
622 1566 752 1652 regibus
779 1577 903 1643 ortum,
934 1577 1107 1654 paternum
1134 1590 1209 1630 cum
1237 1567 1297 1630 diis
1323 1569 1383 1630 im·

325 1667 517 1731 mortalibus
539 1669 749 1749 conjunctum
772 1679 829 1732 est.
872 1668 958 1732 Nam
981 1670 1021 1734 ab
1046 1673 1138 1733 Anco
1159 1671 1284 1734 Marcio
1307 1680 1382 1732 sunt

324 1769 438 1832 Marcii
459 1790 565 1856 reges,
598 1791 664 1858 quo
691 1771 826 1834 nomine
852 1771 913 1835 suit
941 1784 1064 1836 mater:
1097 1796 1114 1836 a
1141 1775 1266 1836 Venere
1293 1771 1383 1850 Julii,

325 1869 414 1951 cnjus
436 1871 539 1958 gentis
560 1872 680 1937 familia
710 1884 757 1936 est
780 1885 898 1937 nostra.
951 1873 1010 1938 Est
1039 1898 1117 1961 ergo
1144 1876 1177 1938 in
1203 1895 1320 1960 genere
1349 1885 1381 1936 et

324 1975 470 2039 sanctitas
503 1976 631 2062 regum,
670 1973 724 2060 qui
744 1974 926 2061 plurimum
953 1975 1036 2040 inter
1062 1975 1215 2041 homines
1243 1976 1380 2064 pollent,

326 2089 358 2140 et
388 2077 583 2142 caerimonia
611 2079 773 2154 Deorum,
806 2099 947 2164 quorum
974 2077 1034 2165 ipsi
1060 2078 1093 2143 in
1120 2091 1279 2166 potestate
1305 2090 1381 2142 sunt

323 2203 444 2267 reges«

405 2286 482 2348 Jam
505 2305 605 2370 quum
634 2293 789 2369 appareat
814 2305 875 2369 pro
904 2282 948 2346 rei
976 2294 1088 2347 natura
1116 2283 1255 2349 eandem
1281 2284 1379 2348 fuisse

322 2398 354 2448 et
381 2386 514 2450 naeniae
541 2398 574 2450 et
599 2384 791 2449 laudationis
817 2409 888 2449 rem
910 2385 950 2448 de
979 2409 1041 2473 qua
1068 2398 1194 2472 agatur,
1226 2387 1378 2474 proximo

324 2491 413 2570 hujus
440 2489 538 2553 libelli
568 2486 671 2576 capite
699 2487 991 2565 demonstrabitur,
1024 2488 1101 2576 quid
1129 2489 1182 2568 sit,
1215 2489 1303 2576 quod
1326 2489 1377 2551 illa

322 2592 464 2654 carmina
488 2591 521 2654 in
542 2602 769 2677 contemptum
791 2590 943 2668 abierint,
980 2590 1041 2654 hae
1068 2591 1231 2656 orationes
1257 2614 1377 2677 magno
1410 2605 1412 2612 ’

322 2717 453 2782 semper
474 2694 600 2758 honore
622 2692 801 2757 floruerint.
833 2693 966 2757 Etenim
988 2691 1157 2775 deficiente
1172 2697 1291 2759 sensim
1309 2716 1378 2779 gra·

321 2797 418 2861 vitate
451 2794 613 2884 simplices
646 2795 717 2859 illos
750 2794 886 2859 canendi
919 2794 1037 2859 modos
1060 2818 1096 2859 ac
1130 2798 1227 2860 verba
1260 2797 1377 2860 iterum

321 2901 504 2987 iterumque
525 2896 674 2985 repetita,
707 2897 862 2984 quoniam
886 2897 1019 2962 unisona
1046 2909 1094 2962 est
1119 2900 1377 2975 voxmoeroris,

321 3014 408 3080 totus
420 3001 609 3066 naeniarum
627 2999 902 3064 decantandorum
914 3022 989 3064 usus
1001 3000 1033 3064 in
1046 3012 1214 3065 externum
1227 3013 1376 3065 ornatum

304 3105 598 3191 caerimoniasque
620 3103 845 3190 exsequiarum
869 3102 956 3167 abire
979 3103 1094 3189 coepit.
1128 3105 1214 3168 'l'um
1227 3103 1376 3168 cantandi

321 3230 439 3272 munus
460 3207 566 3271 coetui
588 3206 762 3270 mulierum
784 3205 1056 3270 conductitiarum
1083 3207 1297 3270 commissum
1320 3219 1377 3284 est,

321 3322 355 3372 ut
377 3320 544 3373 mortuum
566 3321 599 3372 et
620 3309 881 3386 lamentarentur,
902 3321 935 3372 et
956 3307 999 3370 ob
1021 3331 1073 3372 res
1095 3309 1178 3372 bene
1194 3320 1298 3395 gestas
1310 3309 1377 3372 lau-

320 3413 451 3485 darent;
488 3412 520 3475 id
550 3411 635 3498 quod
664 3411 808 3497 primum
834 3411 867 3474 in
895 3433 1010 3474 eorum
1042 3410 1222 3487 funeribus,
1260 3413 1376 3498 quibus

319 3515 494 3603 propinqui
517 3537 583 3578 non
608 3525 714 3577 essent
735 3513 775 3577 ad
798 3513 862 3576 hoc
883 3513 975 3598 pium
997 3536 1116 3577 munus
1137 3515 1376 3600 praestandum,

320 3640 387 3680 non
409 3629 532 3682 temere
553 3615 680 3680 Nonius
701 3615 965 3681 animadvertisse
986 3615 1114 3680 videtur
1129 3623 1177 3696 ²²).

361 3882 399 3952 ²⁰)
419 3883 460 3938 Cf.
479 3883 566 3940 Orelli
584 3885 653 3940 coll.
672 3885 792 3958 Inscript.
810 3883 995 3958 p.331-349;
1014 3885 1113 3939 ibidem
1131 3886 1304 3959 fragmentum
1322 3885 1376 3939 lau-

419 3972 533 4029 dationis
551 3975 669 4030 funcbris
687 3975 781 4030 aetatis
799 3974 947 4045 Augusteae
964 3972 1016 4027 Νο.
1036 3973 1104 4029 4859
1122 3988 1149 4030 et
1165 3975 1219 4029 No.
1238 3975 1313 4030 486⁰.

362 4071 399 4142 ”l
418 4073 524 4130 Sueten
542 4076 616 4132 Caes.
635 4099 656 4132 e.
674 4076 699 4131 6.

362 4174 399 4240 ²²)
417 4175 521 4230 Nonius
538 4198 563 4230 r.
582 4175 710 4249 praefices
728 4196 785 4250 cap.
802 4177 827 4230 2
845 4197 871 4248 p.
889 4175 939 4228 64:
968 4175 1111 4249 »praeiisse
1130 4176 1287 4232 dicebantur
1304 4176 1375 4250 apud

418 4277 521 4318 veteres
539 4284 605 4337 quae
630 4264 751 4319 adhiberi
769 4264 858 4318 solent
875 4264 962 4318 funeri
985 4264 1107 4320 mercede
1130 4265 1285 4332 conductae,
1303 4279 1331 4318 ut
1349 4277 1376 4318 et

418 4351 514 4406 llerent
532 4367 559 4406 ct
576 4354 655 4408 sortia
673 4353 740 4407 facta
758 4351 905 4406 laudarent.
926 4352 967 4409 Cf.
986 4354 1057 4406 Nou.
1076 4375 1101 4407 v.
1121 4354 1216 4408 naenia
1233 4373 1288 4426 cap.
1306 4355 1330 4406 3.
1349 4373 1374 4425 p.
