3400 5042
823 483 875 556 32

407 663 619 751 Approbatur
640 687 717 728 vero
739 662 821 727 haec
848 647 1046 751 etymologia
1074 663 1165 727 verbi
1193 687 1229 727 ea
1257 687 1319 752 qua
1346 664 1380 727 in

323 768 549 856 antiquissimis
571 767 859 854 supplicationibus
886 768 1048 853 sacrisque
1074 767 1240 830 cantilenis
1266 767 1380 830 Martis

323 895 445 939 nomen
473 871 643 935 invocatur
667 870 802 938 ratione.
846 871 873 934 E
897 871 1013 957 quibus
1036 892 1139 957 quum
1161 870 1280 934 summi
1308 892 1381 934 mo-

320 975 421 1040 menti
443 974 484 1038 sit
505 973 724 1061 comprecatio
746 973 797 1037 illa
820 972 854 1036 in
877 973 1047 1038 lustrandis
1069 973 1163 1060 agris,
1185 973 1239 1036 ubi
1262 996 1377 1036 suove-

321 1078 445 1143 taurilia
468 1077 738 1163 circumaguntur,
760 1077 916 1154 instituta,
937 1075 1117 1141 adscribam
1141 1078 1270 1163 qualem
1295 1074 1378 1140 Cato

323 1181 501 1247 memoriae
522 1181 667 1267 prodidit
680 1187 704 1220 ⁴⁵
708 1196 741 1262 ):
775 1181 882 1244 »Mars
904 1193 1010 1266 pater,
1041 1192 1073 1243 te
1099 1203 1217 1266 precor
1244 1201 1380 1266 oroque,

324 1285 369 1349 uti
392 1284 454 1348 sies
476 1284 589 1347 volens
617 1282 697 1346 mihi
724 1283 825 1346 domo
853 1283 1060 1370 familiaeque
1089 1294 1230 1360 nostrae,
1263 1283 1379 1370 quoius

323 1388 369 1452 rei
392 1409 469 1472 ergo
497 1409 624 1472 agrum,
656 1399 775 1450 terram
805 1384 1125 1473 fundumqemeum
1154 1386 1379 1450 suovetaurilia

322 1489 496 1575 circumagi
517 1491 611 1570 jussi:
644 1490 689 1552 uti
713 1501 746 1552 tu
769 1489 904 1552 morbos
926 1491 1011 1552 visos
1033 1488 1231 1576 invisosque,
1252 1488 1380 1552 viduer-

321 1605 422 1657 tatem
443 1591 750 1678 vastitudinemque,
784 1592 979 1655 calamitates
1006 1592 1276 1678 intemperiasque
1304 1613 1381 1678 pro·

321 1695 472 1772 hibessis,
494 1693 649 1758 delendas
671 1717 949 1782 averruncesque:
983 1694 1093 1781 utique
1114 1707 1150 1758 tu
1172 1694 1292 1780 fruges,
1313 1693 1380 1765 sru-

321 1809 440 1874 menta,
461 1798 567 1860 vineta
591 1797 791 1883 virgultaque
813 1797 962 1883 grandire
984 1798 1132 1883 beneque
1151 1797 1278 1860 evenire
1295 1797 1378 1874 siris:

320 1912 467 1987 pastores
488 1923 655 1987 pecuaque
668 1900 752 1962 salva
776 1900 935 1975 servassis,
958 1898 1093 1986 duisque
1107 1903 1228 1963 bonam
1241 1899 1379 1963 salutem

322 2002 604 2088 valetudinemque
617 2001 697 2064 mihi
710 2002 810 2065 domo
823 2002 1029 2088 familiaeque
1043 2014 1180 2071 nostrae.
1213 2004 1378 2066 Harumce

321 2129 431 2169 rerum
454 2128 530 2192 ergo
553 2104 655 2180 luridi,
676 2117 780 2168 terrae
802 2105 935 2192 agrique
956 2104 1021 2168 mei
1044 2105 1197 2169 lustrandi
1221 2105 1378 2192 lustrique

320 2207 457 2272 faciendi
480 2230 571 2293 ergo,
592 2207 681 2270 sicuti
705 2207 781 2284 dixi,
808 2220 914 2271 macte·
934 2206 1021 2271 hisce
1043 2208 1311 2271 suovetaurilibus
1334 2209 1379 2271 la·

320 2311 481 2374 c‘tentibus
504 2321 602 2374 esto«
649 2309 708 2373 Hic
737 2333 867 2386 revera,
899 2311 957 2373 nisi
986 2310 1057 2397 quis
1085 2312 1234 2374 consulto
1261 2333 1377 2374 verum

320 2412 491 2500 repudiare
514 2413 595 2490 vult,
617 2412 784 2476 nemiuem
815 2413 926 2499 lugere
948 2425 1064 2499 potest,
1086 2415 1226 2477 Martem
1249 2426 1377 2500 patrem

319 2517 484 2580 volentem
507 2539 543 2579 ac
564 2517 757 2603 propitium,
780 2517 834 2602 qui
857 2515 1032 2602 prohibeat
1052 2539 1089 2579 ac
1111 2515 1263 2580 defendat
1284 2517 1378 2595 mala,

320 2630 427 2683 servet
448 2642 484 2683 ac
507 2618 575 2681 duit
597 2620 750 2696 salutem,
786 2619 875 2681 nullo
898 2618 1000 2682 modo
1023 2630 1058 2682 ut
1084 2643 1206 2683 numen
1233 2620 1378 2696 noxium,

319 2721 442 2797 lerum,
480 2733 650 2784 cruentum
679 2722 719 2784 ab
756 2722 901 2807 agricolis
934 2722 1121 2785 invocatum
1153 2747 1237 2799 esse,
1274 2731 1396 2808 quu'm*

319 2823 510 2910 praesertim
532 2824 646 2887 Festus
669 2847 686 2886 e
708 2825 895 2910 precatione
917 2823 1009 2888 luridi
1032 2825 1187 2888 lustrandi
1210 2824 1291 2888 haec
1313 2847 1378 2887 ser-

320 2925 403 2990 varit
430 2927 548 2994 verba:
592 2927 756 2990 »Pesestas
779 2926 1039 3012 (pestilentiam)
1120 2940 1259 3005 avertas,
1289 2949 1378 2989 mor-

321 3029 410 3106 bum,
430 3041 582 3105 mortem,
603 3029 721 3105 labem,
742 3029 897 3092 nebulam
919 3029 1158 3116 impetiginem«
1171 3036 1219 3110 ⁴⁶).
1250 3029 1377 3094 Eadem

318 3131 387 3195 lere
409 3132 534 3196 ratione
557 3132 761 3196 Umbrorum
784 3132 952 3218 quondam
979 3133 1075 3218 prisci
1091 3133 1274 3197 sacerdotes
1290 3133 1377 3196 Mar-

318 3245 385 3297 tem
404 3234 506 3299 bonas
523 3256 635 3320 preces
651 3235 874 3322 precabantur,
897 3247 931 3298 ut
949 3247 1090 3300 servaret
1107 3237 1266 3323 populum
1278 3234 1377 3298 totius

320 3337 421 3423 lguvii
443 3339 544 3416 urbis,
575 3336 673 3401 totius
696 3337 796 3424 lguvii
819 3361 942 3402 nornen
954 3345 1008 3421 ⁴⁷),
1041 3350 1072 3403 et
1093 3350 1128 3402 ut
1148 3363 1252 3420 arma,
1280 3338 1377 3415 viros,

328 3494 532 3506 ——.-..-.

330 3618 334 3624 .
364 3562 401 3634 ⁴⁸)
420 3563 496 3620 Cato.
514 3567 547 3621 R.
566 3567 599 3620 R.
619 3566 677 3621 141.

353 3649 389 3722 ⁴⁶)
425 3653 519 3710 Festus
537 3675 560 3709 v.
580 3668 696 3728 pesestas
720 3675 747 3733 p.
765 3654 824 3710 210.

352 3738 390 3811 ⁴⁷)
426 3744 521 3800 Muell.
539 3745 596 3798 Etr.
611 3745 633 3807 I,
650 3744 721 3817 pot
738 3744 820 3798 verba
837 3743 891 3796 tab.
911 3743 1014 3814 Eugub.
1034 3742 1115 3805 V1.6.
1134 3742 1237 3816 saepius
1255 3741 1374 3816 repetita:

425 3831 477 3887 »Di
496 3832 631 3888 Grabovie
659 3832 733 3886 salvo
760 3832 845 3886 aeritu
870 3850 958 3886 ocrem
985 3830 1052 3885 lisim
1078 3832 1175 3886 salvam
1193 3830 1275 3886 seritu
1292 3844 1375 3887 totam

420 3919 571 3984 Jiovinarn,
589 3921 626 3976 Di
646 3918 782 3975 Grabovie
800 3919 899 3974 salvam
918 3921 1000 3975 serito
1020 3940 1097 3975 ocrer
1114 3919 1184 3975 lisier
1202 3933 1274 3976 totar
1290 3918 1377 3972 Jiovt

421 4028 471 4063 nar
492 4028 587 4065 nome«
617 4011 654 4067 sic
681 4010 870 4081 interpretatus
891 4022 946 4064 est:
982 4010 1088 4082 Jupiter
1107 4009 1227 4062 Grabovi
1250 4005 1373 4078 (mallem

420 4096 495 4152 Deus
514 4095 646 4167 Gradive)
665 4097 760 4156 salvam
779 4111 884 4152 servato
903 4135 910 4150 .
929 4136 935 4149 .
955 4138 960 4151 .
979 4098 1076 4152 salvam
1095 4109 1198 4152 servato
1217 4109 1298 4150 totam
1316 4096 1375 4166 lgu-

420 4186 509 4240 vinam
527 4183 667 4256 (urbem).
702 4185 808 4258 Jupiter
827 4183 949 4240 Grabovi
972 4185 1073 4240 salvum
1094 4197 1198 4240 servato
1217 4223 1223 4238 .
1242 4222 1250 4239 .
1268 4223 1274 4238 .
1292 4184 1374 4239 totius

422 4272 548 4347 Iguvinaa
565 4296 673 4335 nonen.
1034 4277 1036 4280 ’
