3400 5042
878 535 929 606 98

372 741 499 791 currere,
521 715 644 794 majore
662 734 791 776 carmen
809 712 973 798 diligentia
990 714 1207 801 perscriptum
1221 714 1318 778 luisse
1330 739 1428 801 quam

371 819 563 905 Scipionum
587 839 695 880 versus
723 815 935 903 sepulcrales,
969 817 1107 904 ideoque
1135 818 1269 882 Sullano
1300 820 1428 883 demum

369 935 520 1008 ternpore
542 919 637 984 sacris
659 919 747 983 libris
768 919 959 983 mandatum
988 943 1064 984 esse.
1115 922 1324 1009 Antiquiores
1351 946 1428 987 vero

370 1025 510 1088 formas:
543 1027 653 1100 Lases,
682 1030 796 1100 lucrve,
827 1029 958 1107 pleorr's,
986 1029 1106 1104 derlee,
1131 1031 1265 1089 Semunis
1287 1050 1303 1088 a
1327 1051 1428 1090 sacer-

369 1128 499 1192 dotibus
522 1126 718 1212 antiquitatis
745 1127 870 1213 priscae
897 1127 1048 1192 studiosis
1069 1153 1109 1192 eo
1137 1152 1240 1216 usque
1268 1131 1426 1193 memoria

366 1242 507 1294 retentas
530 1252 607 1296 esse.
651 1233 693 1292 At
714 1229 778 1292 hoc
800 1252 899 1316 genus
921 1232 1207 1317 argumentationis
1232 1231 1309 1295 nibil
1334 1233 1426 1295 valet.

366 1334 497 1396 Etenim
521 1331 638 1396 eodem
660 1331 711 1395 vel
734 1333 829 1396 etiam
852 1333 988 1397 meliore
1009 1336 1094 1414 jure,
1115 1359 1150 1398 re
1172 1337 1205 1398 in
1227 1334 1425 1398 contrarium

366 1457 472 1512 versa,
505 1435 566 1498 diei
589 1444 714 1521 potest:
747 1436 976 1522 antiquissimis
1002 1438 1206 1523 temporibus
1233 1439 1297 1517 jam
1325 1437 1425 1500 literis

262 1618 266 1622 .
366 1538 555 1601 mandatum
579 1537 676 1601 luisse
699 1560 830 1602 carnren
854 1539 981 1616 Arvale,
1004 1563 1020 1602 e
1041 1539 1154 1626 priscis
1176 1540 1237 1604 illis
1249 1541 1425 1604 verborum

366 1641 479 1704 lorinis
501 1641 656 1726 conspici,
688 1641 886 1705 recentiores
908 1653 978 1705 tum
1001 1641 1133 1705 demum
1162 1642 1324 1706 immixtas
1347 1666 1425 1721 esse,

365 1767 440 1807 cum
463 1767 480 1806 e
502 1743 591 1807 libris
613 1743 782 1807 ritualibus
803 1745 855 1807 isti
879 1767 989 1808 versus
1013 1744 1293 1830 depromerentur.
1331 1747 1424 1808 Prae-

365 1859 450 1910 terea
478 1868 557 1908 vero
586 1845 626 1908 de
654 1845 704 1908 his
732 1846 827 1932 valet,
867 1846 954 1934 quod
984 1845 1025 1909 de
1053 1847 1215 1911 Saliorum
1244 1851 1422 1912 examentis

363 1962 460 2034 supra
493 1949 795 2024 animadvertimus,
832 1950 863 2011 in
897 1949 1102 2012 sacerdotum
1135 1951 1246 2036 populi
1281 1951 1421 2014 Romani

364 2053 494 2114 vetustis
512 2052 601 2114 libris
620 2051 703 2114 inter
719 2063 839 2115 ceteras
852 2051 1025 2137 religiones
1035 2053 1313 2139 caerimoniasque
1325 2055 1420 2116 etiam

357 2153 422 2218 bas
449 2157 727 2241 comprecationes
755 2154 893 2217 deorum
922 2177 990 2216 esse
1018 2167 1157 2218 servatas
1183 2158 1246 2234 iam
1275 2168 1349 2217 ante
1376 2158 1421 2218 in—

354 2257 467 2323 ·cendli
490 2256 605 2320 Gallici
627 2267 785 2343 tempora.

858 2518 923 2590 vt.

361 2652 419 2736 llll
447 2651 635 2736 uttttts
662 2650 902 2734 Slllllllllllll
929 2650 1170 2733 ctutlttttttt
1190 2649 1418 2734 ttstttttS.

979 2807 1074 2847 cantabat
1087 2808 1149 2854 nats,
1169 2805 1262 2846 tutabat
1275 2807 1323 2846 um
1335 2808 1392 2846 trun.

1058 2893 1060 2895 ,
1169 2879 1258 2919 mm,

444 3009 597 3077 Carmina
627 3010 786 3098 quaedam
814 3009 845 3072 in
875 3008 1027 3071 omnibus
1056 3007 1155 3083 sacris
1181 3007 1372 3093 peragendis
1399 3031 1415 3070 a

360 3114 578 3179 sacerdotibus
600 3137 668 3177 esse
690 3113 841 3176 cantitata
864 3110 975 3174 similis
997 3105 1123 3194 generis
1144 3131 1181 3171 ac
1203 3108 1341 3172 Saliares
1360 3114 1417 3173 Ar·

359 3219 509 3306 valesque
531 3215 718 3292 cantilenas,
739 3212 785 3278 rei
807 3214 907 3301 ipsius
929 3208 1042 3276 natura
1063 3211 1257 3298 perspicitur
1278 3235 1339 3275 nec
1361 3212 1416 3274 de-

359 3319 595 3386 monstratione
622 3340 716 3404 egere
743 3316 879 3380 videtur.
927 3313 1106 3395 Ejusmodi
1126 3336 1204 3377 vero
1231 3335 1417 3402 compreca-

357 3426 462 3488 tiones
484 3447 559 3487 cum
581 3421 621 3485 ab
644 3420 711 3484 aliis
733 3419 838 3507 poetis
861 3418 1018 3482 Romanis
1040 3431 1074 3480 ut
1097 3413 1241 3493 Catullo,
1274 3415 1416 3491 Tibullo,

357 3527 495 3613 Virgilio
518 3527 550 3589 in
574 3523 719 3610 ipsorum
741 3545 837 3585 usum
860 3545 929 3586 esse
951 3545 1127 3584 conversae
1150 3521 1313 3595 videntur,
1344 3531 1413 3581 tum

360 3632 400 3694 ab
424 3629 544 3698 Ovidio
568 3639 599 3690 et
621 3625 762 3689 breviter
782 3636 909 3689 tantum
930 3623 1100 3711 permultis
1123 3622 1201 3686 locis
1219 3620 1414 3707 significatae

357 3745 448 3809 sunt,
481 3743 512 3794 et
532 3729 658 3816 plenius
680 3728 778 3815 ipsius
802 3730 947 3792 versibus
974 3726 1133 3800 redditae;
1168 3737 1204 3788 ut
1226 3749 1243 3787 e
1264 3725 1414 3811 precibus

356 3836 397 3898 ad
421 3833 541 3899 almam
564 3832 691 3908 Palem,
713 3832 753 3896 ad
775 3854 923 3919 asperam
936 3829 1143 3925 Robiginem,
1165 3828 1245 3891 alios
1267 3829 1345 3891 deos
1368 3828 1415 3890 di·
1514 3917 1517 3921 .

356 3936 450 4000 rectis
471 3934 653 4022 perspicere
675 3933 796 4012 licet¹).
839 3934 992 4020 Namque
1019 3943 1145 3995 constat
1171 3928 1412 4022 huncpoetam

357 4077 568 4097 Ἣ...

412 4149 436 4217 ¹)
455 4150 497 4206 Cf.
517 4151 599 4205 ovid.
617 4153 718 4217 Fastl,
735 4152 784 4207 ott
800 4154 856 4223 (ed.
876 4149 1009 4218 Merkel);
1027 4150 1061 4212 ll,
1078 4151 1143 4213 4243
1161 4151 1197 4215 ll,
1214 4152 1278 4213 stu,
1297 4151 1332 4213 ll,
1350 4150 1414 4214 57³3

457 4241 489 4301 ll,
507 4241 570 4306 6563
594 4241 641 4309 lll,
658 4243 716 4294 255.
754 4242 940 4314 Comprecatio
958 4239 1029 4295 Palis
1048 4239 1094 4300 lb',
1113 4237 1256 4300 tte-775,
1274 4237 1413 4306 Robiginis

456 4329 505 4396 lV,
522 4329 581 4384 911.
