3400 5042
817 513 868 584 95

317 710 449 751 carmen
481 687 599 752 Arvale
631 689 817 753 sacerdotes
849 690 1009 753 canebant
1035 699 1067 752 et
1092 695 1176 754 color
1203 702 1234 754 et
1260 697 1375 775 species

306 795 437 872 floribus
459 790 566 854 omnis
587 791 679 859 inest.

398 898 426 955 3.
468 897 563 957 Satur
585 893 694 974 fusore
716 893 770 981 qui
797 892 949 980 adoptata
975 892 1114 957 lectione
1138 894 1249 973 furere
1276 894 1374 959 inter·

316 1004 485 1078 pretantur
505 999 642 1058 desinere
660 997 779 1076 furere,
800 996 904 1060 simile
926 995 1045 1060 scilicet
1066 995 1187 1058 dictum
1210 1019 1247 1059 ac
1269 997 1374 1060 Hora-

315 1094 440 1158 tianum
463 1095 561 1158 illud:
595 1095 660 1160 heu
682 1098 777 1161 nimis
798 1098 898 1184 longo
920 1105 1034 1162 satiate
1054 1096 1133 1161 ludo
1151 1101 1209 1182 ¹⁶),
1242 1121 1298 1162 eos
1320 1121 1375 1162 ne-

315 1220 480 1284 quaquam
501 1196 624 1262 habere
645 1220 761 1263 sanum
783 1200 933 1263 carminis
955 1223 1149 1277 connexum,
1171 1223 1210 1264 ex
1230 1200 1268 1263 iis
1291 1222 1375 1288 quae

316 1321 413 1384 supra
442 1299 526 1362 dicta
554 1311 628 1363 sunt
659 1312 802 1387 apparet.
857 1284 947 1385 Quid
975 1325 1053 1366 vero
1081 1301 1170 1388 quod
1193 1303 1304 1382 furere
1332 1326 1374 1366 ne

317 1400 432 1485 legitur
458 1401 591 1488 quidem
612 1402 645 1464 in
666 1402 785 1467 tabula.
829 1403 916 1466 Nam
942 1404 991 1468 bis
1017 1404 1172 1469 accuratis
1198 1416 1230 1468 et
1251 1405 1376 1491 perspi-

315 1503 381 1566 cuis
408 1501 612 1567 lineamentis
643 1502 799 1589 scriptum
827 1517 875 1569 est
897 1507 1021 1588 flifere,
1053 1517 1191 1591 utroque
1213 1511 1243 1570 F
1262 1506 1373 1593 paullo

315 1603 408 1668 altius
430 1604 602 1682 eminente,
623 1604 723 1669 semel
746 1633 850 1671 eruere
872 1619 985 1693 aperto
1007 1606 1176 1693 scalptoris
1197 1607 1275 1670 vitio
1297 1607 1373 1671 inde

316 1707 452 1771 fortasse
479 1719 597 1784 tract0,
635 1707 724 1793 quod
752 1708 976 1795 praecedentis
1003 1732 1115 1773 versus
1147 1708 1272 1794 aequali
1299 1707 1373 1772 loco

315 1810 462 1887 verbum,
484 1815 583 1873 literae
605 1809 805 1894 negligenter
826 1811 983 1897 scriptum
1006 1810 1205 1874 simillimam
1221 1810 1264 1872 ibi
1282 1832 1374 1895 prae-

314 1913 370 1975 bet
391 1911 543 1997 speciem.
577 1908 665 1974 Cum
679 1913 870 1976 Hermanno
893 1913 989 1998 igitur
1009 1911 1157 2000 quamvis
1173 1910 1373 1975 censendum

316 2013 472 2091 videatur,
485 2013 594 2094 sufere
616 2036 684 2076 esse
696 2012 838 2077 formam
851 2014 942 2078 verbi
954 2014 1075 2101 antiqui
1089 2015 1162 2094 suo,
1182 2025 1292 2076 tamen
1305 2035 1373 2076 non

315 2115 491 2179 secundam
514 2137 583 2179 esse
604 2137 791 2201 personam,
814 2115 871 2179 sed
893 2114 1097 2193 infinitivum,
1120 2116 1217 2202 etqui
1229 2117 1375 2201 sequitur

314 2216 489 2280 infinitivus
517 2222 633 2294 berder,
662 2228 694 2281 et
714 2218 936 2303 praecedentis
957 2216 1048 2280 verbi
1071 2232 1159 2281 satur
1180 2240 1294 2280 sensus
1316 2216 1375 2278 do-

315 2342 388 2381 cere
409 2318 537 2382 videtur
554 2324 601 2397 ¹⁷).
644 2319 836 2404 Exprimere
870 2320 956 2383 enim
984 2319 1123 2382 verbum
1149 2334 1238 2382 satur
1268 2318 1374 2381 variae

315 2420 542 2484 foecunditatis
567 2421 749 2506 plenaeque
777 2420 890 2507 copiae
911 2421 1098 2497 notionem,
1135 2420 1335 2507 conspicitur
1356 2443 1374 2482 e

317 2510 473 2608 loquendi
497 2521 647 2586 formulis
669 2538 824 2586 »saturum
844 2550 905 2601 rus,
924 2529 1084 2608 praesepia
1104 2538 1223 2599 satura,
1249 2537 1375 2586 saturae

314 2651 441 2704 messes,
480 2639 569 2689 satur
595 2640 770 2689 auctumnus
799 2648 954 2712 quassans
982 2647 1038 2688 sua
1060 2636 1209 2710 tempora
1236 2624 1374 2710 pomis«

314 2726 431 2812 Neque
460 2726 520 2789 alia
553 2725 678 2791 ratione
710 2733 800 2804 lanx,
843 2749 925 2814 quae
957 2737 1033 2812 post
1066 2749 1207 2790 messem
1241 2725 1374 2789 diversis

315 2827 463 2914 frugibus
490 2827 608 2892 relerta
643 2828 675 2892 in
703 2829 865 2914 templum
899 2830 1017 2892 Cereris
1049 2827 1218 2914 importari
1241 2828 1375 2905 solebat,

316 2944 425 2992 satura
452 2940 501 2992 est
526 2930 687 3016 appellata
705 2934 756 3012 ¹⁸).
806 2932 851 2994 Ut
878 2929 974 3016 igitur
1000 2941 1107 2994 satura
1134 2930 1279 3017 primum
1307 2941 1376 2993 erat

316 3031 527 3112 adjectivum,
549 3033 598 3096 cui
623 3032 673 3095 vel
696 3031 771 3096 lanx
798 3032 850 3094 vel
871 3055 922 3096 res
943 3032 994 3095 vel
1016 3032 1120 3096 simile
1142 3032 1263 3119 aliquid
1292 3032 1377 3116 cogi-

316 3133 416 3196 tando
439 3132 661 3220 supplendum
684 3145 774 3210 esset,
797 3132 915 3197 deinde
931 3133 964 3196 in
981 3133 1170 3197 substantivi
1182 3135 1248 3197 vim
1260 3133 1376 3197 abiisse

316 3233 457 3311 videtur,
479 3237 523 3298 sic
545 3246 658 3298 nostro
680 3235 754 3299 loco
777 3246 865 3298 satur
887 3233 1009 3298 dictum
1032 3234 1182 3310 arbitror,
1203 3235 1245 3299 ita
1268 3247 1303 3298 ut
1325 3233 1376 3299 vel

315 3339 435 3412 {rursus
456 3336 507 3399 vel
530 3336 617 3400 aliud
640 3339 749 3400 animo
770 3337 888 3414 addas,
920 3335 1102 3416 cujusmodi
1124 3359 1200 3399 cum
1229 3337 1378 3401 substan-

319 3437 391 3502 tivis
412 3438 566 3525 conjungi
589 3439 726 3502 verbum
748 3439 849 3502 modo
872 3437 1023 3502 vidimus.

362 3673 398 3744 ¹⁸)
417 3677 480 3732 Hoc
498 3679 602 3749 profert
621 3677 783 3732 Grotesend.
802 3697 836 3731 ex
855 3677 925 3731 Hor.
944 3697 1023 3732 cann-
1041 3679 1062 3741 l,
1079 3680 1105 3747 2,
1123 3680 1165 3733 37.
1185 3679 1303 3733 Gramm.
1321 3679 1378 3733 Lat.

418 3764 452 3817 ll.
490 3803 497 3817 .
566 3801 573 3818 .

361 3846 398 3918 17)
416 3785 500 3905 Lanlii
513 3765 579 3906 lffic.
597 3864 656 3906 not.
674 3853 706 3906 7:
730 3852 816 3907 lusere
833 3873 882 3925 per
899 3851 973 3918 fiere,
991 3854 1060 3909 tolca
1077 3854 1263 3928 l'aspirazione
1282 3875 1296 3908 e
1314 3873 1378 3908 con-

422 3939 491 4010 giata
508 3937 545 3993 l'u
562 3937 626 3993 nell'
645 3938 726 3994 affine
745 3938 754 3992 i
771 3940 869 3995 devien
892 3939 962 3996 fiere.
988 3943 1114 4013 Ejusdem
1137 3957 1178 3999 est
1197 3942 1274 3998 verbi
1293 3943 1379 3996 forma

421 4028 504 4082 Osca:
528 4026 614 4081 solans
632 4025 661 4080 in
680 4026 756 4099 cipp.
775 4028 901 4083 Abellan.
919 4049 956 4082 rs.
976 4029 1016 4083 16.
1052 4030 1094 4084 Cs.
1114 4032 1201 4086 Peter.
1220 4031 1238 4084 l.
1257 4051 1278 4085 c.
1293 4027 1318 4101 ξ.
1335 4031 1379 4083 20.

419 4115 506 4168 Etiam
532 4113 561 4167 in
587 4113 684 4168 tabulis
711 4114 858 4187 Eugubinis
885 4114 937 4171 boc
963 4119 1074 4172 verbum
1106 4118 1208 4193 saepius
1235 4119 1378 4192 repetitum

364 4289 399 4357 ¹⁸)
418 4203 630 4346 lecglitdlinbcron.
649 4289 681 4344 ad
700 4289 768 4344 Hor.
788 4289 873 4346 Serra.
891 4290 913 4356 l,
931 4290 955 4344 l·
972 4293 1007 4348 cf.
1025 4294 1117 4349 lexico
