3400 5042
827 527 877 602 25

322 701 450 789 triginta
480 701 549 768 dies
572 701 675 767 Salios
704 725 793 768 sacra
816 727 871 768 sua
901 704 1073 792 peregisse,
1095 704 1237 780 nostrin
1279 728 1379 794 quam

321 829 434 871 verum
458 828 525 869 esse
537 811 721 869 'numerum
745 806 840 871 etiam
864 830 1027 872 erecensu
1040 806 1241 891 singulorum
1258 808 1378 873 mensis

322 908 428 974 Martii
441 907 569 972 dierum
581 908 785 995 conspicitur.
811 911 861 973 De
875 908 1028 975 Calendis
1046 909 1141 995 igitur
1152 933 1220 977 non
1232 910 1378 976 dubium.

404 1013 441 1078 A.
454 1009 484 1073 d.
498 1012 560 1074 Vll
584 1010 692 1076 „ldus
719 1012 815 1075 Mart.
834 1009 1066 1077 Calendarium
1079 1010 1262 1077 Constantii
1279 1012 1380 1078 habet

322 1113 439 1179 verba:
462 1116 562 1177 Arma
585 1113 696 1176 ancilia
719 1125 853 1177 movent
875 1119 925 1194 ²³).
950 1205 952 1208 Ι

406 1214 511 1280 Pridie
536 1214 611 1278 ldus
634 1213 722 1278 idern
746 1199 999 1282 Calendarium:
1030 1217 1240 1297 Mammula,
1262 1217 1378 1285 eadem

321 1317 354 1381 ni
381 1317 492 1395 fallor,
513 1328 609 1406 atque
631 1317 765 1404 Equiria
787 1318 886 1384 altera
911 1320 1023 1385 Martis
1045 1321 1110 1386 hoc
1131 1321 1202 1409 ipso
1224 1321 1275 1386 die
1298 1321 1379 1388 cele-

321 1419 411 1484 brata
434 1419 466 1483 in
489 1442 606 1507 campo
631 1420 760 1486 Martio.

403 1522 515 1586 Idibus
537 1546 638 1587 annae
652 1524 818 1587 Perennae
840 1547 943 1602 sacra,
965 1525 1020 1588 ubi
1043 1537 1075 1590 et
1095 1526 1257 1613 virginum
1280 1527 1379 1593 Salia-

320 1625 406 1691 rium
428 1626 605 1689 ministeria
627 1626 781 1710 praestita
803 1627 977 1692 verisimile
1000 1641 1057 1706 est,
1086 1642 1117 1692 et
1140 1653 1229 1694 arma
1242 1631 1379 1696 circum-

320 1729 383 1793 lata
418 1753 485 1794 esse
518 1751 558 1792 eo
591 1729 803 1815 conspicitur,
847 1731 936 1818 quod
969 1733 1185 1817 praecedente
1217 1747 1313 1799 nocte
1345 1735 1379 1799 iu

321 1833 490 1896 mansione
512 1844 635 1896 servata
659 1833 873 1909 dicuntur²⁶).

405 1938 442 1998 A.
455 1935 485 1998 d.
499 1937 577 1998 XVl
602 1935 671 2000 Cal.
686 1937 788 2022 April.
812 1935 900 1999 idem
922 1935 1043 2000 sactum
1066 1949 1167 2026 patet,
1191 1940 1279 2026 quod
1291 1941 1378 2006 nulla

321 2037 380 2102 alia
404 2041 444 2103 de
466 2061 560 2103 causa
585 2038 744 2102 Liberalia
759 2039 922 2124 Agouium
945 2039 1059 2102 Martis
1081 2041 1240 2127 appellata
1263 2055 1345 2112 sunt.

404 2141 483 2204 A.d.
498 2143 682 2218 XlV,Xlll‚
702 2143 771 2218 Xll,
794 2143 848 2217 Xl,
871 2143 899 2204 X
924 2139 994 2205 Cal.
1008 2143 1107 2228 April.
1133 2143 1377 2232 Quinquatrum

323 2243 436 2307 diebus
458 2267 547 2307 arma
570 2246 682 2308 ancilia
696 2245 826 2308 lustrata
840 2244 917 2307 dicit
929 2241 1093 2308 Charisius
1110 2251 1162 2324 ²⁷),
1184 2247 1379 2314 confirmant

321 2349 442 2411 Versus
465 2347 614 2410 Minervii
638 2349 691 2435 qui
714 2348 798 2411 inter
819 2347 957 2412 Saliares
979 2361 1213 2414 memorantur.

405 2452 442 2514 Α.
465 2448 496 2514 d.
521 2451 577 2513 lll.
601 2447 671 2519 Cal,
685 2450 784 2536 April,
808 2452 863 2514 ubi
884 2450 960 2514 Jani
983 2475 1070 2516 sacra
1091 2452 1261 2530 celebrata,
1289 2453 1377 2520 idem

322 2578 339 2617 e
360 2553 487 2617 Janulis
510 2552 564 2641 qui
587 2564 745 2616 vocantur
766 2554 913 2618 versibus
936 2553 1100 2619 Saliorum
1123 2567 1265 2642 apparet.

404 2655 532 2740 Quibus
553 2655 684 2742 singulis
707 2656 747 2719 de
770 2657 884 2720 diebus
906 2657 1029 2721 etiamsi
1053 2659 1123 2745 quis
1150 2657 1234 2722 sorte
1255 2658 1377 2724 habue-

321 2760 363 2824 rit
384 2758 584 2844 scrupulum,
612 2781 710 2846 quem
734 2760 874 2840 objicere
896 2761 991 2823 nobis
1012 2761 1127 2847 possit,
1157 2773 1268 2826 tamen
1290 2763 1377 2828 nulla

320 2862 445 2926 ratione
468 2885 584 2945 negare
605 2862 738 2948 poterit,
761 2863 874 2926 Martis
896 2863 1052 2928 solemnia
1076 2864 1173 2928 etiam
1194 2889 1254 2952 per
1269 2878 1376 2931 totum

320 2988 469 3029 mensem
497 2966 652 3028 Martium
685 2966 713 3029 ei
747 2978 987 3043 consecratum,
1019 2978 1055 3029 ut
1082 2967 1235 3055 Polybius
1267 2970 1377 3048 refert,

322 3092 392 3132 esse
410 3067 614 3141 continuata;
637 3068 696 3131 nisi
720 3069 790 3155 quis
812 3070 898 3133 sorte
919 3069 1119 3134 tricesimum
1131 3071 1276 3157 primurn
1288 3071 1375 3136 diem

322 3171 435 3235 callide
457 3171 603 3257 excipere
625 3171 774 3236 voluerit.
818 3171 976 3236 Ceterum
987 3196 1123 3259 vespere
1134 3173 1269 3237 demum
1280 3174 1377 3256 hujus

323 3275 385 3339 diei
414 3297 503 3338 arma
531 3273 659 3338 condita
682 3298 750 3338 esse
782 3276 892 3361 paullo
915 3276 998 3339 infra
1026 3277 1194 3362 apparebit
1224 3289 1376 3342 enatura

322 3377 494 3442 numinum
516 3379 627 3441 Lunae
650 3377 878 3442 Auentinensis
906 3391 938 3442 et
959 3379 1118 3443 Publicae
1143 3379 1274 3458 Salutis,
1297 3404 1377 3469 quo-

323 3505 398 3546 rum
420 3504 459 3544 eo
482 3480 534 3544 die
556 3504 644 3544 sacra
667 3492 741 3544 suut
761 3493 899 3566 peracta.

321 3673 531 3684 -—-—

423 3765 498 3828 sarai
508 3772 547 3828 ris
559 3773 643 3851 »argis
657 3773 701 3835 τῆς
713 3769 807 3834 Parias
819 3775 840 3828 ir
855 3761 872 3836 si
890 3763 919 3830 ais
931 3769 1004 3852 xalgqa
1024 3773 1227 3848 sarnanpbe‘icu
1245 3771 1267 3829 ai
1286 3769 1378 3831 zelam

425 3857 499 3924 οὗτοι.
543 3869 576 3922 cf.
597 3869 679 3922 Gutb.
698 3890 723 3939 p.
741 3868 782 3922 86.

356 3961 393 4033 ²³)
428 3964 471 4017 De
489 3984 521 4018 eo
540 3963 659 4035 loquitur
677 3964 761 4018 Gutb.
778 3985 804 4036 p,
821 3964 864 4017 84.
882 3963 923 4017 85.

357 4051 395 4122 ²⁶)
431 4054 491 4106 Hac
507 4053 629 4106 nimirum
647 4065 727 4108 nocte
754 4052 782 4106 in
807 4054 944 4106 mansione
970 4053 1040 4124 apud
1061 4052 1215 4125 pontificem
1232 4053 1379 4110 Maximum

426 4154 557 4196 sanarunt
583 4141 693 4208 ancilia,
730 4155 758 4196 ut
789 4160 869 4196 omen
895 4141 1036 4195 infaustum
1065 4143 1138 4196 necis
1163 4143 1230 4197 Julii
1257 4143 1377 4198 Caesaris

428 4230 518 4284 ldibus
537 4230 642 4285 Martiis
665 4229 798 4286 trucidati.
836 4230 960 4284 Gutberl.
978 4251 1004 4302 p.
1023 4229 1064 4283 99.

356 4315 396 4389 ²¹)
430 4319 474 4374 De
492 4317 604 4373 Charisii
621 4318 681 4374 loco
700 4321 725 4385 Ι,
743 4340 770 4392 p.
787 4320 830 4374 62.
849 4319 955 4374 disserit
972 4319 1054 4375 Gucb.
1071 4340 1097 4393 p.
1114 4317 1157 4373 86.
1186 4380 1188 4382 ,
