3400 5042
405 687 458 755 Ex
476 684 529 753 bis
549 708 626 753 oum
645 708 759 753 sanam
785 710 938 754 versuum
963 699 1152 757 nostrorum
1180 688 1256 755 setis
1283 712 1383 779 appa·

320 801 400 868 reat,
420 811 485 879 qua
505 787 632 855 ratione
653 811 729 853 cum
751 789 863 877 priora
884 789 941 855 illo
961 814 1057 857 versu
1074 788 1278 869 cohaereant,
1298 790 1381 858 inire

322 890 417 959 iecile
437 890 725 957 demonstrabitur.

404 991 555 1061 Tertium
575 992 796 1079 fragmentum
818 991 940 1059 Saliare
962 993 1049 1081 apud
1071 994 1261 1060 Terentium
1283 992 1383 1060 Scau·-

322 1118 398 1163 rum
423 1093 582 1182 scriptum
603 1093 788 1159 invenimur
809 1100 855 1182 (p.
877 1100 956 1161 2261
981 1095 1031 1161 ed.
1056 1095 1201 1177 Putech.)
1222 1094 1278 1159 ubi
1300 1093 1381 1162 haec

321 1208 398 1265 sunt
418 1196 532 1264 verba:
555 1195 712 1285 »Antiqui
733 1219 795 1284 pro
817 1196 973 1263 adverbio
995 1220 1098 1286 quom
1119 1222 1200 1263 eume
1221 1196 1381 1275 dicebant,

321 1311 359 1367 ut
378 1300 488 1367 Numa
509 1298 544 1363 in
564 1297 680 1364 Saliari
698 1299 863 1365 carmine:

426 1406 516 1469 Creme
533 1427 630 1487 panos
651 1404 814 1467 Leucesiae
831 1416 1015 1487 praetexere
1035 1407 1129 1467 monti
1142 1406 1278 1488 quotibet
1296 1408 1385 1468 cunei

423 1509 462 1571 tle
482 1510 530 1569 tut
551 1530 617 1569 cum
638 1519 803 1569 turtureus«

322 1632 405 1697 quae
426 1606 562 1695 quidem
583 1607 681 1671 verba
697 1607 843 1685 obscura,
864 1605 1253 1694 nequeaGutberlethio,
1275 1630 1382 1694 neque

322 1712 364 1776 ab
385 1712 592 1788 Hermanno,
618 1708 850 1787 Grotefendio,
879 1709 982 1773 Zellio
1004 1709 1079 1775 viris
1101 1709 1295 1774 doctissimis
1317 1708 1382 1772 ulla

321 1811 586 1900 interpretatione
618 1811 854 1890 illustrata¹¹⁰),
891 1811 1054 1877 levissima
1082 1812 1249 1879 literarum
1277 1823 1382 1876 muta-

321 1916 411 1981 tione
432 1915 467 1979 in
488 1937 605 1979 sanum
626 1937 759 1979 sensum
780 1913 902 1979 restitui
924 1938 1021 2000 posse
1042 1916 1202 1984 videntur.

404 2018 470 2082 Pro
492 2041 590 2103 ponas
619 2016 715 2103 igitur
742 2016 850 2081 acribo
879 2032 981 2096 tonos,
1020 2017 1241 2105 antiquissima
1274 2018 1380 2082 sorana

321 2120 433 2185 literae
454 2119 480 2185 P
502 2141 521 2185 a
542 2120 572 2183 'l'
593 2118 646 2183 vix
667 2118 801 2198 diversa,
823 2142 887 2205 pro
909 2121 1081 2185 Leucesiae
1103 2121 1257 2184 Leucesie
1279 2143 1381 2209 quum

320 2222 380 2287 AB
396 2220 473 2287 etE
490 2221 524 2285 in
545 2220 686 2309 antiquis
707 2223 931 2287 monumentis
951 2222 1141 2310 promiscuo
1163 2222 1228 2286 sint
1249 2225 1381 2303 usu'¹¹),

320 2347 383 2413 pro
415 2329 489 2389 tibet
521 2329 649 2402 tibiuet,
692 2325 849 2411 quoniam
875 2352 904 2391 m
932 2337 964 2392 et
991 2327 1025 2389 in
1056 2325 1219 2413 lapidibus
1250 2325 1382 2391 vetustis

320 2427 489 2505 omittitur,
510 2438 543 2492 et
562 2426 598 2491 in
619 2426 786 2493 codicibus
807 2428 891 2492 linea
914 2427 1122 2514 praecedenti
1144 2428 1255 2493 literae
1272 2451 1383 2515 super-

319 2529 439 2617 scripta
464 2540 605 2594 notatur.
649 2530 778 2595 Deinde
800 2531 869 2595 MT
890 2531 1003 2596 leviter
1023 2542 1149 2595 mutato
1171 2531 1204 2593 in
1226 2531 1297 2607 NT,
1318 2553 1380 2616 pro

320 2638 359 2699 de
379 2637 427 2697 leis
448 2659 514 2697 cum
534 2649 546 2697 t
568 2630 729 2697 habemus
751 2638 919 2711 debiscunt,
941 2645 973 2698 et
989 2659 1110 2699 onorem
1130 2644 1256 2698 mutato
1277 2633 1383 2696 litera-

320 2758 396 2801 rum
417 2734 531 2801 ordine
552 2734 706 2799 facillime
728 2747 921 2822 corruptum
943 2737 1071 2802 videtur
1092 2761 1131 2801 ex
1151 2761 1281 2802 ormnem
1312 2736 1382 2798 Hac

319 2838 417 2925 igitur
437 2837 667 2903 emendatione
689 2837 755 2902 duo
778 2836 964 2903 cfficiuntur
985 2840 1130 2905 Saturnii
1151 2838 1308 2904 Saliares:

403 2941 466 3005 No.
488 2949 518 3006 9.
573 2944 664 3004 Crime
686 2955 774 3005 tonas
795 2944 948 3020 ternans,
966 2959 1150 3027 praetexere
1171 2948 1273 3019 mo'nti,

574 3046 640 3129 Quo'
660 3049 775 3109 &diruet
795 3053 882 3110 cunei
900 3049 1064 3122 ‹te'trscunn
1085 3050 1214 3110 ora'merr.

319 3146 418 3213 Nunc
438 3170 517 3211 vero
538 3146 733 3233 investigatis
759 3147 892 3233 singulis
920 3149 1027 3213 verbis
1050 3149 1142 3214 facile
1162 3146 1382 3235 perspicietur,

318 3272 420 3337 quam
441 3249 607 3336 conspiret
628 3273 740 3315 sensus
761 3273 837 3314 curn
859 3251 974 3315 Saliari
996 3251 1093 3317 cultu.

405 3354 441 3437 l)
462 3355 604 3418 Lerecesie
624 3351 773 3439 pleniore
795 3377 878 3417 sono
899 3377 960 3440 pro
982 3359 1107 3418 Lucesr'e
1127 3358 1250 3429 Lucesi,
1277 3357 1387 3417 Lucetr'

320 3454 445 3519 dictum
466 3454 557 3519 utin
579 3454 698 3519 eodem
720 3455 865 3521 carmine
886 3461 1053 3521 Sateurnus
1074 3478 1135 3543 pro
1157 3462 1321 3532 Suturrurs,
1350 3467 1382 3518 et

319 3556 443 3643 priscae
465 3556 593 3643 linguae
616 3558 700 3621 bene
722 3558 887 3636 convenit,
915 3571 947 3622 et
967 3558 1128 3623 Macrobii
1156 3559 1229 3623 loco
1253 3556 1380 3645 egregie

320 3658 503 3724 affirmatur
520 3659 585 3724 Sat.
603 3661 643 3738 ll,
668 3667 719 3724 15:
743 3662 884 3726 »Jovem
902 3661 1098 3747 accipiamus
1113 3662 1192 3726 lucis
1204 3672 1382 3736 auctorem,

356 3922 403 3992 ¹¹¹)
422 3924 463 3981 Ci.
485 3925 608 3983 Gutberl.
627 3950 652 4002 p.
673 3928 730 3982 137.
768 3930 862 3987 Herm.
883 3929 970 3985 Elem.
989 3929 1073 3986 doctr.
1083 3944 1159 3986 metr.
1178 3951 1204 4002 p.
1214 3930 1273 3982 612.
1311 3930 1381 3983 Gro-

422 4014 536 4069 taiendt.
563 4014 622 4070 Lat.
642 4017 690 4070 Gr.
720 4017 752 4069 T.
770 4019 805 4070 ll.
824 4040 850 4090 p.
867 4018 926 4072 286.
980 4020 1015 4072 Κ.
1035 4018 1102 4074 Zell.
1131 4019 1301 4074 Ferienscln·.
1328 4018 1381 4072 llte

424 4104 531 4159 Samml.
550 4104 577 4158 S.
598 4104 656 4158 109.
692 4106 786 4177 Egger.
805 4107 863 4161 Lat.
881 4127 959 4161 serm.
977 4120 1073 4162 vetust.
1093 4107 1182 4181 religg.
1206 4127 1231 4179 p.
1249 4106 1284 4161 68
1300 4126 1338 4178 sq.

355 4189 403 4261 ¹¹¹)
425 4192 468 4246 (ll.
486 4191 520 4246 ds
539 4213 570 4248 ea
587 4214 616 4247 re
643 4193 771 4249 Schneid.
791 4194 908 4249 Granum.
927 4196 983 4251 Las.
1002 4217 1028 4269 p.
1045 4198 1088 4250 52.
1106 4208 1134 4251 et
1160 4195 1254 4271 Augei.
1273 4196 1331 4250 Mai
1348 4195 1382 4250 sd

425 4278 481 4337 Cic.
499 4300 556 4354 rep.
575 4282 598 4348 1,
615 4281 650 4339 1⁰
667 4301 694 4354 p.
711 4281 753 4337 83.
772 4295 829 4339 not·
847 4305 870 4341 o.
