3400 5042
816 528 887 603 181

319 702 499 767 inauditum
521 702 628 779 fuisse,
651 703 739 790 quod
762 703 811 767 vir
833 704 932 768 nobili
955 703 1028 767 loco
1051 715 1144 768 natus
1166 704 1205 769 ad
1218 703 1380 791 picturam

319 829 352 867 se
375 804 561 890 applicaret.
595 805 725 868 Etenim
749 816 782 866 ut
805 829 903 868 nemo
916 805 992 868 ciris
1006 808 1175 870 Romanus
1197 831 1252 870 seu
1265 808 1380 883 Fortis,

320 930 376 970 seu
401 905 584 980 Bellatoris,
605 929 662 968 seu
683 905 911 970 iurisconsulti
935 928 1118 991 cognomen
1143 909 1282 995 accepit,
1304 910 1377 995 quis

320 1005 400 1073 haec
422 1005 571 1071 omnium
594 1006 713 1070 civium
736 1030 804 1072 esse
827 1019 859 1072 et
880 1006 1028 1072 solebant
1050 1019 1082 1072 et
1103 1007 1282 1085 debebant,
1311 1032 1378 1073 non

319 1107 362 1172 iiii
386 1109 439 1172 tani
464 1107 597 1172 Pictoris
620 1127 742 1172 nonren
772 1107 910 1172 inditum
939 1119 1037 1186 esset,
1069 1108 1093 1173 si
1124 1109 1215 1175 multi
1243 1110 1381 1176 fuissent

318 1208 455 1275 florenta
476 1207 630 1297 pingendi
652 1219 719 1273 arte
741 1208 891 1296 pictores.

403 1311 587 1396 Tamquam
610 1332 676 1372 non
706 1309 737 1372 id
766 1309 871 1395 ipsum
905 1308 1023 1373 Cicero
1056 1309 1239 1375 certissimis
1272 1311 1380 1379 verbis

320 1411 522 1498 profiteatur:
557 1416 627 1474 »An
651 1435 828 1486 censemus,
850 1412 874 1474 si
898 1411 1001 1475 Fabio
1025 1411 1229 1476 nobitisstmo
1253 1413 1378 1476 homini

320 1515 404 1577 laudi
427 1514 540 1577 datum
564 1525 655 1588 essct,
679 1514 765 1600 quod
785 1515 940 1600 pingeret,
964 1538 1030 1576 non
1049 1515 1169 1577 multos
1182 1515 1279 1579 etiam
1291 1515 1378 1601 apud

321 1640 380 1679 nos
404 1617 585 1702 l’oiycietos
613 1629 644 1678 ct
673 1615 861 1679 Parrhasios
893 1617 1001 1679 fuisse.
1059 1619 1172 1680 Honos
1205 1617 1259 1681 aiit
1288 1630 1380 1693 artes,

319 1741 500 1804 omnesque
533 1718 750 1781 incenduntur
782 1719 821 1781 ad
856 1718 959 1782 studia
993 1719 1108 1804 gioria,
1146 1721 1314 1806 jacentque
1343 1744 1378 1783 ea

318 1845 457 1906 semper,
479 1844 560 1907 quae
583 1821 669 1906 apud
693 1844 841 1907 quosque
864 1821 1160 1906 improbantur').‹
1206 1822 1289 1905 Quis
1310 1833 1380 1886 tan-

319 1923 395 1986 dem
418 1921 498 1986 hacc
520 1922 616 1986 verba
640 1923 731 1986 aliter
752 1922 931 2008 intelligere
958 1933 1066 2008 potest
1093 1947 1148 1985 ac:
1182 1926 1381 2004 jacuissem

319 2039 422 2090 aetate
444 2040 540 2089 artem
559 2030 726 2109 pingendi?

405 2128 571 2190 Praeterea
600 2150 678 2190 vero
706 2127 892 2190 indicorum
926 2150 1080 2190 versuum
1114 2127 1276 2193 licentiam
1304 2152 1380 2216 pro-

319 2228 485 2314 grediente
508 2228 611 2313 plebis
634 2229 779 2293 libertate
802 2239 1010 2303 crescentem,
1032 2239 1065 2292 et
1084 2228 1165 2292 aaics
1186 2229 1379 2318 facetiaeque

322 2333 489 2393 Romanae
512 2342 651 2406 saturae,
685 2354 765 2418 quae
789 2330 903 2417 quinto
931 2324 1140 2416 potissimum
1169 2331 1298 2395 saeculo
1321 2331 1380 2396 flo-

319 2433 418 2494 ruisse
442 2432 582 2507 videtur,
609 2433 751 2496 obfuisse
773 2433 863 2518 epice
891 2432 1026 2496 canendi
1049 2433 1155 2497 studio
1178 2433 1380 2521 impetuique

319 2532 512 2609 sublimiori,
545 2535 576 2596 in
600 2547 711 2598 natura
736 2533 854 2618 ingenii
877 2533 1009 2597 humani
1032 2536 1175 2620 positum
1199 2547 1255 2599 est.
1289 2536 1379 2620 Ergo

319 2660 386 2698 non
410 2634 518 2698 floruit
546 2638 630 2722 apud
657 2638 825 2700 Ronaanos
854 2635 943 2722 cpica
977 2636 1084 2723 poesis
1107 2637 1285 2723 popularis,
1320 2663 1379 2702 nec

320 2738 481 2823 prioribus
503 2738 636 2801 saeculis
658 2737 804 2802 floruisse
828 2760 899 2801 eam
924 2751 1180 2804 consentaneum
1204 2753 1262 2805 cst.

788 3130 914 3204 xvir.

370 3300 428 3381 BE
465 3297 701 3383 uunttttsa
734 3297 819 3380 utu
858 3297 1051 3379 turrira
1090 3298 1329 3382 {ristulum

642 3419 862 3501 uturum
895 3419 1063 3502 SPEGOE.

904 3590 1015 3636 recusuri
1029 3591 1076 3630 fides
1089 3592 1110 3629 et
1124 3591 1190 3630 Tuscis
1205 3591 1262 3638 rigna
1275 3592 1354 3631 tractus.

1161 3662 1278 3702 lun-our.

406 3809 455 3870 ab
480 3807 514 3870 iis
538 3809 592 3893 qui
617 3810 706 3894 opica
730 3809 873 3872 carmina
898 3809 1004 3873 sontes
1024 3811 1132 3886 fuisse,
1154 3811 1241 3874 unde
1253 3811 1381 3879 fluxerit

322 3911 453 3974 historia
472 3912 630 3986 Romana,
649 3911 818 3974 Niebuhrii
842 3911 1006 3976 divinandi
1030 3912 1159 3998 ingenio
1172 3915 1246 3978 freti
1263 3926 1381 3980 statue-

321 4024 409 4087 runt,
453 4011 516 4075 hoc
549 4037 650 4075 unum
684 4027 851 4098 postremo
886 4028 920 4079 ut
946 4027 1173 4100 argumentum
1207 4019 1381 4104 praecipue

323 4204 532 4212 -------

374 4298 398 4366 ⁷)
418 4299 473 4355 Cic.
493 4299 603 4375 'l'uscul⁸¹
619 4300 639 4367 l,
658 4302 682 4352 2.
