3400 5042
767 559 770 570 '
837 560 911 633 ul

343 736 433 825 quod
455 736 548 817 jubet
567 737 614 802 Μ.
637 736 782 801 Tullius:
826 737 904 824 quid
926 736 1061 801 tandem
1090 749 1212 802 restare
1234 735 1405 816 videbitur,

343 841 367 904 si
395 838 474 926 quid
500 837 533 901 in
560 838 691 903 ludicris
717 839 865 902 versibus
895 839 972 916 illis,
1004 852 1058 903 aut
1085 841 1118 903 in
1147 839 1250 903 Plauti
1282 839 1406 904 facetiis

342 966 419 1008 eum
445 943 479 1006 in
505 941 644 1005 modum
671 941 927 1006 mutaverimus?
979 941 1074 1005 Adde
1103 942 1270 1006 castrensis
1298 954 1334 1005 ut
1361 943 1404 1004 ita

342 1044 448 1110 dicam
477 1041 687 1130 militarisque
713 1043 775 1122 joci
801 1042 867 1107 hoc
893 1042 984 1130 quod
1006 1043 1180 1108 Suetonius
1205 1043 1306 1107 habet
1333 1065 1406 1129 spe-

341 1147 469 1211 cimens
513 1147 572 1208 sln
601 1143 711 1208 castris
737 1144 932 1223 (Tiberius)
959 1147 1022 1209 tiro
1045 1145 1144 1210 etiam
1177 1157 1248 1209 tum
1268 1156 1406 1230 propter

343 1248 479 1313 nimiam
502 1246 566 1309 vini
589 1244 774 1310 aviditatem
801 1268 865 1332 pro
897 1250 1014 1311 Tiberio
1042 1251 1198 1323 Ba‘dert'rss,
1229 1268 1291 1332 pro
1315 1249 1406 1310 Clau-

342 1355 391 1415 dio
419 1352 557 1426 Caldius,
587 1370 651 1434 pro
673 1349 794 1411 Nerone
814 1352 902 1413 Mero
925 1349 1103 1413 vocabatur
1118 1355 1190 1430 ³²).«
1247 1348 1404 1412 Videmus

341 1451 431 1516 idem
452 1473 529 1515 sane
552 1448 742 1514 facetiarum
764 1471 882 1536 genus,
904 1451 993 1538 quod
1015 1450 1217 1537 Francogalli
1240 1449 1405 1539 appellant

343 1551 581 1638 Calembourg,
608 1551 705 1615 etiam
728 1551 872 1615 Berolini
894 1552 927 1616 in
950 1552 1007 1616 viis
1024 1551 1161 1639 publicis
1183 1553 1404 1639 cauponisque

341 1655 478 1740 aplebe
499 1653 639 1717 libenter
666 1665 698 1717 et
724 1665 816 1717 acute
838 1655 1002 1735 jactatum.
1046 1656 1089 1716 At
1119 1653 1200 1718 sales
1222 1655 1287 1732 isti,
1320 1676 1404 1741 quos

343 1753 460 1821 Cicero
482 1753 648 1842 praedicat
670 1754 782 1818 Atticis
803 1755 965 1834 salsiores,
986 1766 1100 1818 carent
1114 1754 1242 1842 pulchri
1260 1755 1404 1842 rectique

342 1857 459 1934 studio,
481 1857 570 1944 quod
593 1880 635 1920 ne
656 1857 697 1919 ab
720 1855 956 1942 epigrammate
972 1854 1106 1943 quidem
1125 1879 1162 1919 ac
1179 1856 1275 1921 satira
1292 1857 1404 1921 abesse

341 1958 502 2035 volumus,
524 1968 556 2022 et
578 1969 706 2021 acetum
728 1956 807 2021 illud
827 1958 975 2021 italicum
996 1958 1084 2022 haud
1104 1980 1179 2022 raro
1203 1959 1405 2022 obscoenum

340 2059 476 2125 redolet.
508 2058 562 2124 Sic
574 2081 678 2147 quum
691 2055 836 2145 Caligula
848 2059 1043 2124 densissimo
1056 2071 1087 2124 et
1103 2060 1280 2124 laetissimo
1292 2059 1406 2124 obvio-

341 2184 416 2226 rum
439 2159 567 2247 agmine
592 2165 678 2224 sidus
700 2171 731 2224 et
753 2167 857 2244 pullus
879 2173 911 2226 et
928 2188 1048 2248 puppus
1070 2173 1102 2226 et
1129 2168 1267 2227 alumnus
1293 2161 1406 2248 appel-

341 2264 463 2328 leretur
477 2266 529 2340 ⁸⁸),
550 2261 709 2325 similibus
731 2263 1005 2351 appellationibus
1026 2263 1125 2328 etiam
1147 2275 1273 2329 ceteros
1293 2264 1407 2326 trium-

342 2362 483 2452 phantes
504 2361 589 2428 laeto
612 2364 754 2428 carmine
776 2365 929 2430 salutatos
948 2388 1033 2444 esse,
1053 2365 1178 2430 nullam
1196 2365 1296 2428 habet
1312 2364 1406 2426 dubi·

342 2469 511 2530 tationem.
565 2467 613 2529 lta
635 2464 734 2552 ipsius
757 2468 915 2546 Colr'gulue
942 2489 1066 2532 nomen
1093 2466 1242 2532 familiari
1264 2465 1405 2528 militum

341 2569 415 2650 joco
458 2567 628 2631 inventum
670 2568 890 2656 iactatumque
928 2581 990 2646 est,
1048 2569 1193 2656 itemque
1227 2569 1261 2632 P.
1294 2566 1405 2652 Scipio

342 2672 460 2734 Nasica
491 2669 614 2755 vulgari
646 2667 861 2734 familiaritate
894 2673 1051 2736 Corculum
1078 2671 1183 2736 dictus
1209 2673 1261 2751 ⁸⁴).
1315 2668 1405 2754 Quid

342 2769 466 2856 igitur?
509 2769 628 2834 Nonne
650 2771 844 2857 cognomina
862 2771 963 2837 haec:
997 2769 1209 2849 Coriolanus,
1242 2770 1405 2834 Maximus

344 2870 491 2950 Corvus,
523 2873 709 2959 Torquatus
734 2878 789 2951 ⁸⁶),
822 2869 963 2951 Cursor,
996 2873 1193 2951 Cunctator,
1224 2874 1407 2950 Africanus,

226 3061 229 3065 Ι
343 2974 515 3053 Asiaticus,
537 2973 745 3052 Numidicus,
772 2974 832 3038 alia
855 2974 1025 3040 innumera
1046 2980 1089 3039 ita
1112 2987 1182 3039 orta
1205 2998 1274 3039 esse
1297 2976 1408 3039 viden·

342 3088 409 3153 tur,
433 3087 468 3140 ut
488 3075 632 3141 carmine
654 3074 843 3161 triumphali
865 3077 1010 3164 primum
1033 3100 1050 3141 s
1073 3077 1229 3141 militibus
1248 3079 1408 3158 jactaren-

342 3189 404 3241 tur.
447 3177 535 3241 Nam
555 3176 685 3262 publica
706 3176 889 3256 voluntate,
918 3202 985 3243 non
1007 3191 1136 3244 senatus
1157 3179 1296 3244 decretis
1317 3179 1407 3244 inve·

343 3280 479 3343 niuntur
500 3277 581 3342 haec
602 3278 811 3364 cognomina,
838 3291 871 3344 et
891 3279 924 3344 in
949 3280 1118 3368 'vulgarem
1145 3305 1240 3346 usum
1267 3282 1407 3354 abeunt;

341 3392 413 3444 tum
431 3391 558 3452 senatus
575 3379 765 3446 auctoritate
783 3380 1020 3447 confirmantur
1036 3395 1068 3448 et
1085 3386 1282 3448 sanciuntur.
1315 3380 1406 3468 Quid

344 3481 456 3547 enim?
498 3481 621 3546 Nonne
652 3470 762 3547 omnia
788 3483 876 3571 apud
905 3485 1076 3549 Romanos
1107 3486 1302 3572 cognomina
1330 3483 1406 3548 inde

226 3666 229 3670 Δ
342 3582 451 3650 addita
473 3607 541 3649 esse
562 3582 728 3664 videntur,
750 3584 841 3672 quod
852 3582 1117 3666 hominesacuti,
1137 3587 1237 3674 proni
1254 3585 1406 3651 adomue

341 3771 552 3783 —u--u

385 3869 424 3941 ⁸⁸)
442 3873 547 3929 Sueten
566 3871 650 3947 Calin.
668 3894 690 3930 c.
710 3875 751 3930 1³.

385 3959 424 4030 ⁸⁴)
443 3961 533 4017 Aurei.
552 3961 623 4016 vict.
643 3961 677 4016 de
695 3961 753 4016 Vir.
772 3961 857 4016 lllust.
876 3983 899 4018 c.
916 3963 960 4017 44.

385 4044 423 4118 ⁸⁵)
441 4048 484 4102 De
502 4049 641 4122 Torquato
658 4049 749 4105 Livius
772 4048 876 4122 scripsit
900 4049 961 4113 Vll,
981 4050 1028 4106 ll:
1056 4050 1129 4104 luter
1150 4051 1297 4106 carminum
1320 4071 1406 4122 prope

442 4135 549 4190 modurn
576 4136 718 4192 incondita
746 4136 874 4210 quaedam
903 4136 1054 4194 militariter
1081 4136 1245 4209 joculantes,
1276 4139 1407 4210 Torquati

443 4243 593 4295 cognomen
610 4224 740 4292 auditum
759 4225 921 4281 celebratum
939 4224 1046 4292 deinde,
1064 4224 1182 4300 posteris
1193 4225 1272 4282 etiam
1280 4224 1407 4281 familiae·

443 4328 494 4383 qus
510 4307 611 4369 bonosi
628 4309 686 4368 fuit.
