<?xml version="1.0" encoding="UTF-8"?>
<!DOCTYPE html PUBLIC "-//W3C//DTD XHTML 1.0 Transitional//EN"
    "http://www.w3.org/TR/xhtml1/DTD/xhtml1-transitional.dtd">
<html xmlns="http://www.w3.org/1999/xhtml" xml:lang="en" lang="en">
 <head>
  <title>
</title>
<meta http-equiv="Content-Type" content="text/html;charset=utf-8" />
  <meta name='ocr-system' content='tesseract 3.04.00' />
  <meta name='ocr-capabilities' content='ocr_page ocr_carea ocr_par ocr_line ocrx_word'/>
</head>
<body>
  <div class='ocr_page' id='page_1' title='image "./originespoesisr00corsgoog_0014.png"; bbox 0 0 3400 5042; ppageno 0'>
   <div class='ocr_carea' id='block_1_1' title="bbox 895 484 918 558">
    <p class='ocr_par' dir='ltr' id='par_1_1' title="bbox 895 484 918 558">
     <span class='ocr_line' id='line_1_1' title="bbox 895 484 918 558; baseline 0 0"><span class='ocrx_word' id='word_1_1' title='bbox 895 484 918 558; x_wconf 80' lang='grc'>4</span> 
     </span>
    </p>
   </div>
   <div class='ocr_carea' id='block_1_2' title="bbox 364 665 1431 4244">
    <p class='ocr_par' dir='ltr' id='par_1_2' title="bbox 498 665 1431 1248">
     <span class='ocr_line' id='line_1_2' title="bbox 500 665 1431 752; baseline 0 -21"><span class='ocrx_word' id='word_1_2' title='bbox 500 667 550 731; x_wconf 92' lang='lat' dir='ltr'><strong>dia</strong></span> <span class='ocrx_word' id='word_1_3' title='bbox 574 666 730 731; x_wconf 70' lang='lat' dir='ltr'><strong>contineri</strong></span> <span class='ocrx_word' id='word_1_4' title='bbox 754 665 920 742; x_wconf 88' lang='lat' dir='ltr'><strong>videntur,</strong></span> <span class='ocrx_word' id='word_1_5' title='bbox 941 688 984 728; x_wconf 88' lang='lat' dir='ltr'><strong>ne</strong></span> <span class='ocrx_word' id='word_1_6' title='bbox 1006 665 1102 729; x_wconf 88' lang='lat' dir='ltr'><strong>sacris</strong></span> <span class='ocrx_word' id='word_1_7' title='bbox 1114 665 1247 752; x_wconf 89' lang='lat' dir='ltr'><strong>quidem</strong></span> <span class='ocrx_word' id='word_1_8' title='bbox 1265 667 1431 732; x_wconf 79' lang='lat' dir='ltr'><strong>cantilenis</strong></span> 
     </span>
     <span class='ocr_line' id='line_1_3' title="bbox 499 767 1430 857; baseline 0.002 -25"><span class='ocrx_word' id='word_1_9' title='bbox 499 771 668 857; x_wconf 81' lang='lat' dir='ltr'><strong>neglectis,</strong></span> <span class='ocrx_word' id='word_1_10' title='bbox 688 768 921 856; x_wconf 82' lang='lat' dir='ltr'><strong>conquirantur</strong></span> <span class='ocrx_word' id='word_1_11' title='bbox 942 767 1128 855; x_wconf 88' lang='lat' dir='ltr'><strong>diligenter,</strong></span> <span class='ocrx_word' id='word_1_12' title='bbox 1159 781 1255 857; x_wconf 90' lang='lat' dir='ltr'><strong>atque</strong></span> <span class='ocrx_word' id='word_1_13' title='bbox 1282 782 1430 836; x_wconf 88' lang='lat' dir='ltr'><strong>accurate</strong></span> 
     </span>
     <span class='ocr_line' id='line_1_4' title="bbox 499 871 1431 962; baseline 0.003 -26"><span class='ocrx_word' id='word_1_14' title='bbox 499 875 693 960; x_wconf 89' lang='lat' dir='ltr'><strong>inquiratur,</strong></span> <span class='ocrx_word' id='word_1_15' title='bbox 719 885 828 937; x_wconf 91' lang='lat' dir='ltr'><strong>utrum</strong></span> <span class='ocrx_word' id='word_1_16' title='bbox 851 871 994 936; x_wconf 89' lang='lat' dir='ltr'><strong>carmina</strong></span> <span class='ocrx_word' id='word_1_17' title='bbox 1022 871 1224 953; x_wconf 88' lang='lat' dir='ltr'><strong>hujusmodi,</strong></span> <span class='ocrx_word' id='word_1_18' title='bbox 1257 897 1339 961; x_wconf 89' lang='lat' dir='ltr'><strong>quae</strong></span> <span class='ocrx_word' id='word_1_19' title='bbox 1362 876 1431 962; x_wconf 92' lang='lat' dir='ltr'><strong>qui·</strong></span> 
     </span>
     <span class='ocr_line' id='line_1_5' title="bbox 499 975 1430 1060; baseline 0.001 -20"><span class='ocrx_word' id='word_1_20' title='bbox 499 976 575 1040; x_wconf 90' lang='lat' dir='ltr'><strong>dem</strong></span> <span class='ocrx_word' id='word_1_21' title='bbox 597 978 756 1058; x_wconf 82' lang='lat' dir='ltr'><strong>majorum</strong></span> <span class='ocrx_word' id='word_1_22' title='bbox 789 999 839 1040; x_wconf 90' lang='lat' dir='ltr'><strong>res</strong></span> <span class='ocrx_word' id='word_1_23' title='bbox 867 986 972 1060; x_wconf 88' lang='lat' dir='ltr'><strong>gestas</strong></span> <span class='ocrx_word' id='word_1_24' title='bbox 1001 975 1238 1055; x_wconf 85' lang='lat' dir='ltr'><strong>continuerint,</strong></span> <span class='ocrx_word' id='word_1_25' title='bbox 1270 979 1302 1040; x_wconf 95' lang='lat' dir='ltr'><strong>in</strong></span> <span class='ocrx_word' id='word_1_26' title='bbox 1326 989 1430 1041; x_wconf 90' lang='lat' dir='ltr'><strong>vetus-</strong></span> 
     </span>
     <span class='ocr_line' id='line_1_6' title="bbox 498 1077 1428 1167; baseline 0.002 -25"><span class='ocrx_word' id='word_1_27' title='bbox 498 1081 617 1144; x_wconf 89' lang='lat' dir='ltr'><strong>tissima</strong></span> <span class='ocrx_word' id='word_1_28' title='bbox 640 1081 868 1144; x_wconf 88' lang='lat' dir='ltr'><strong>Romanorum</strong></span> <span class='ocrx_word' id='word_1_29' title='bbox 900 1077 1034 1141; x_wconf 88' lang='lat' dir='ltr'><strong>historia</strong></span> <span class='ocrx_word' id='word_1_30' title='bbox 1069 1078 1240 1144; x_wconf 92' lang='lat' dir='ltr'><strong>condenda</strong></span> <span class='ocrx_word' id='word_1_31' title='bbox 1273 1104 1428 1167; x_wconf 88' lang='lat' dir='ltr'><strong>magnum</strong></span> 
     </span>
     <span class='ocr_line' id='line_1_7' title="bbox 498 1182 929 1248; baseline -0.007 -2"><span class='ocrx_word' id='word_1_32' title='bbox 498 1182 671 1248; x_wconf 82' lang='lat' dir='ltr'><strong>habuerint</strong></span> <span class='ocrx_word' id='word_1_33' title='bbox 692 1193 929 1247; x_wconf 80' lang='lat' dir='ltr'><strong>momentum«</strong></span> 
     </span>
    </p>

    <p class='ocr_par' dir='ltr' id='par_1_3' title="bbox 373 1284 1429 2187">
     <span class='ocr_line' id='line_1_8' title="bbox 458 1284 1429 1371; baseline 0.002 -23"><span class='ocrx_word' id='word_1_34' title='bbox 458 1285 549 1349; x_wconf 86' lang='lat' dir='ltr'><strong>Patet</strong></span> <span class='ocrx_word' id='word_1_35' title='bbox 570 1298 671 1365; x_wconf 89' lang='lat' dir='ltr'><strong>certe,</strong></span> <span class='ocrx_word' id='word_1_36' title='bbox 703 1287 744 1350; x_wconf 91' lang='lat' dir='ltr'><strong>de</strong></span> <span class='ocrx_word' id='word_1_37' title='bbox 770 1309 805 1350; x_wconf 91' lang='lat' dir='ltr'><strong>re</strong></span> <span class='ocrx_word' id='word_1_38' title='bbox 831 1296 899 1349; x_wconf 90' lang='lat' dir='ltr'><strong>tam</strong></span> <span class='ocrx_word' id='word_1_39' title='bbox 924 1284 1068 1348; x_wconf 86' lang='lat' dir='ltr'><strong>intricata</strong></span> <span class='ocrx_word' id='word_1_40' title='bbox 1092 1285 1146 1371; x_wconf 93' lang='lat' dir='ltr'><strong>qui</strong></span> <span class='ocrx_word' id='word_1_41' title='bbox 1174 1297 1261 1350; x_wconf 89' lang='lat' dir='ltr'><strong>recte</strong></span> <span class='ocrx_word' id='word_1_42' title='bbox 1287 1287 1429 1368; x_wconf 88' lang='lat' dir='ltr'><strong>judicare</strong></span> 
     </span>
     <span class='ocr_line' id='line_1_9' title="bbox 374 1387 1428 1477; baseline 0.004 -27"><span class='ocrx_word' id='word_1_43' title='bbox 374 1387 463 1464; x_wconf 91' lang='lat' dir='ltr'><strong>velit,</strong></span> <span class='ocrx_word' id='word_1_44' title='bbox 506 1411 581 1452; x_wconf 89' lang='lat' dir='ltr'><strong>eum</strong></span> <span class='ocrx_word' id='word_1_45' title='bbox 615 1401 646 1453; x_wconf 88' lang='lat' dir='ltr'><strong>et</strong></span> <span class='ocrx_word' id='word_1_46' title='bbox 685 1400 788 1453; x_wconf 91' lang='lat' dir='ltr'><strong>totam</strong></span> <span class='ocrx_word' id='word_1_47' title='bbox 819 1387 1013 1474; x_wconf 82' lang='lat' dir='ltr'><strong>popularem</strong></span> <span class='ocrx_word' id='word_1_48' title='bbox 1046 1388 1273 1453; x_wconf 87' lang='lat' dir='ltr'><strong>Romanorum</strong></span> <span class='ocrx_word' id='word_1_49' title='bbox 1311 1390 1428 1477; x_wconf 83' lang='lat' dir='ltr'><strong>poesin</strong></span> 
     </span>
     <span class='ocr_line' id='line_1_10' title="bbox 375 1490 1427 1579; baseline 0.002 -25"><span class='ocrx_word' id='word_1_50' title='bbox 375 1491 477 1577; x_wconf 90' lang='lat' dir='ltr'><strong>qualis</strong></span> <span class='ocrx_word' id='word_1_51' title='bbox 510 1516 547 1554; x_wconf 86' lang='lat' dir='ltr'><strong>ex</strong></span> <span class='ocrx_word' id='word_1_52' title='bbox 580 1493 710 1579; x_wconf 90' lang='lat' dir='ltr'><strong>ingenio</strong></span> <span class='ocrx_word' id='word_1_53' title='bbox 737 1491 951 1577; x_wconf 90' lang='lat' dir='ltr'><strong>moribusque</strong></span> <span class='ocrx_word' id='word_1_54' title='bbox 973 1490 1086 1576; x_wconf 91' lang='lat' dir='ltr'><strong>populi</strong></span> <span class='ocrx_word' id='word_1_55' title='bbox 1119 1493 1317 1578; x_wconf 86' lang='lat' dir='ltr'><strong>procreverit</strong></span> <span class='ocrx_word' id='word_1_56' title='bbox 1349 1516 1427 1556; x_wconf 89' lang='lat' dir='ltr'><strong>con-</strong></span> 
     </span>
     <span class='ocr_line' id='line_1_11' title="bbox 374 1593 1424 1680; baseline 0.003 -24"><span class='ocrx_word' id='word_1_57' title='bbox 374 1594 524 1680; x_wconf 87' lang='lat' dir='ltr'><strong>templari</strong></span> <span class='ocrx_word' id='word_1_58' title='bbox 557 1595 692 1674; x_wconf 86' lang='lat' dir='ltr'><strong>debore,</strong></span> <span class='ocrx_word' id='word_1_59' title='bbox 724 1605 760 1657; x_wconf 91' lang='lat' dir='ltr'><strong>ut</strong></span> <span class='ocrx_word' id='word_1_60' title='bbox 792 1595 880 1675; x_wconf 88' lang='lat' dir='ltr'><strong>cujus</strong></span> <span class='ocrx_word' id='word_1_61' title='bbox 912 1593 1010 1656; x_wconf 87' lang='lat' dir='ltr'><strong>suerit</strong></span> <span class='ocrx_word' id='word_1_62' title='bbox 1035 1596 1193 1658; x_wconf 83' lang='lat' dir='ltr'><strong>momenti</strong></span> <span class='ocrx_word' id='word_1_63' title='bbox 1220 1618 1293 1659; x_wconf 87' lang='lat' dir='ltr'><strong>mos</strong></span> <span class='ocrx_word' id='word_1_64' title='bbox 1315 1595 1368 1659; x_wconf 89' lang='lat' dir='ltr'><strong>ille</strong></span> <span class='ocrx_word' id='word_1_65' title='bbox 1391 1597 1424 1659; x_wconf 91' lang='lat' dir='ltr'><strong>in</strong></span> 
     </span>
     <span class='ocr_line' id='line_1_12' title="bbox 374 1695 1426 1785; baseline 0.001 -25"><span class='ocrx_word' id='word_1_66' title='bbox 374 1697 477 1785; x_wconf 89' lang='lat' dir='ltr'><strong>epulis</strong></span> <span class='ocrx_word' id='word_1_67' title='bbox 500 1698 634 1761; x_wconf 89' lang='lat' dir='ltr'><strong>canendi</strong></span> <span class='ocrx_word' id='word_1_68' title='bbox 656 1720 707 1760; x_wconf 89' lang='lat' dir='ltr'><strong>res</strong></span> <span class='ocrx_word' id='word_1_69' title='bbox 729 1698 906 1777; x_wconf 82' lang='lat' dir='ltr'><strong>majorum,</strong></span> <span class='ocrx_word' id='word_1_70' title='bbox 928 1695 1112 1782; x_wconf 84' lang='lat' dir='ltr'><strong>perspicere</strong></span> <span class='ocrx_word' id='word_1_71' title='bbox 1134 1699 1249 1783; x_wconf 86' lang='lat' dir='ltr'><strong>possit,</strong></span> <span class='ocrx_word' id='word_1_72' title='bbox 1271 1709 1303 1761; x_wconf 89' lang='lat' dir='ltr'><strong>et</strong></span> <span class='ocrx_word' id='word_1_73' title='bbox 1320 1698 1426 1761; x_wconf 82' lang='lat' dir='ltr'><strong>sontes</strong></span> 
     </span>
     <span class='ocr_line' id='line_1_13' title="bbox 374 1797 1425 1888; baseline 0 -25"><span class='ocrx_word' id='word_1_74' title='bbox 374 1801 526 1865; x_wconf 89' lang='lat' dir='ltr'><strong>historiae</strong></span> <span class='ocrx_word' id='word_1_75' title='bbox 539 1803 708 1865; x_wconf 87' lang='lat' dir='ltr'><strong>Romanae</strong></span> <span class='ocrx_word' id='word_1_76' title='bbox 730 1799 898 1884; x_wconf 88' lang='lat' dir='ltr'><strong>indagare,</strong></span> <span class='ocrx_word' id='word_1_77' title='bbox 919 1810 955 1860; x_wconf 90' lang='lat' dir='ltr'><strong>ut</strong></span> <span class='ocrx_word' id='word_1_78' title='bbox 977 1797 1192 1877; x_wconf 85' lang='lat' dir='ltr'><strong>demonstret,</strong></span> <span class='ocrx_word' id='word_1_79' title='bbox 1215 1824 1277 1888; x_wconf 89' lang='lat' dir='ltr'><strong>qua</strong></span> <span class='ocrx_word' id='word_1_80' title='bbox 1301 1801 1425 1865; x_wconf 86' lang='lat' dir='ltr'><strong>ratione</strong></span> 
     </span>
     <span class='ocr_line' id='line_1_14' title="bbox 373 1899 1424 1990; baseline 0 -24"><span class='ocrx_word' id='word_1_81' title='bbox 373 1905 501 1990; x_wconf 88' lang='lat' dir='ltr'><strong>poetica</strong></span> <span class='ocrx_word' id='word_1_82' title='bbox 524 1906 591 1985; x_wconf 88' lang='lat' dir='ltr'><strong>ejus</strong></span> <span class='ocrx_word' id='word_1_83' title='bbox 614 1903 736 1990; x_wconf 90' lang='lat' dir='ltr'><strong>species</strong></span> <span class='ocrx_word' id='word_1_84' title='bbox 759 1901 920 1988; x_wconf 88' lang='lat' dir='ltr'><strong>quaedam</strong></span> <span class='ocrx_word' id='word_1_85' title='bbox 933 1899 1000 1978; x_wconf 87' lang='lat' dir='ltr'><strong>illa,</strong></span> <span class='ocrx_word' id='word_1_86' title='bbox 1022 1922 1120 1986; x_wconf 89' lang='lat' dir='ltr'><strong>quam</strong></span> <span class='ocrx_word' id='word_1_87' title='bbox 1137 1902 1335 1968; x_wconf 85' lang='lat' dir='ltr'><strong>Niebuhrius</strong></span> <span class='ocrx_word' id='word_1_88' title='bbox 1356 1922 1424 1966; x_wconf 91' lang='lat' dir='ltr'><strong>non</strong></span> 
     </span>
     <span class='ocr_line' id='line_1_15' title="bbox 373 2004 1425 2094; baseline -0.003 -23"><span class='ocrx_word' id='word_1_89' title='bbox 373 2030 470 2093; x_wconf 89' lang='lat' dir='ltr'><strong>posse</strong></span> <span class='ocrx_word' id='word_1_90' title='bbox 503 2006 633 2070; x_wconf 87' lang='lat' dir='ltr'><strong>aliunde</strong></span> <span class='ocrx_word' id='word_1_91' title='bbox 665 2005 725 2070; x_wconf 88' lang='lat' dir='ltr'><strong>nisi</strong></span> <span class='ocrx_word' id='word_1_92' title='bbox 758 2028 797 2068; x_wconf 86' lang='lat' dir='ltr'><strong>ex</strong></span> <span class='ocrx_word' id='word_1_93' title='bbox 832 2005 929 2092; x_wconf 86' lang='lat' dir='ltr'><strong>epicis</strong></span> <span class='ocrx_word' id='word_1_94' title='bbox 970 2004 1166 2068; x_wconf 84' lang='lat' dir='ltr'><strong>carminibus</strong></span> <span class='ocrx_word' id='word_1_95' title='bbox 1193 2005 1425 2094; x_wconf 88' lang='lat' dir='ltr'><strong>depromptam</strong></span> 
     </span>
     <span class='ocr_line' id='line_1_16' title="bbox 374 2105 1260 2187; baseline 0 -13"><span class='ocrx_word' id='word_1_96' title='bbox 374 2133 441 2174; x_wconf 88' lang='lat' dir='ltr'><strong>esse</strong></span> <span class='ocrx_word' id='word_1_97' title='bbox 462 2110 632 2174; x_wconf 88' lang='lat' dir='ltr'><strong>arbitratus</strong></span> <span class='ocrx_word' id='word_1_98' title='bbox 654 2109 707 2187; x_wconf 86' lang='lat' dir='ltr'><strong>sit,</strong></span> <span class='ocrx_word' id='word_1_99' title='bbox 735 2118 805 2171; x_wconf 88' lang='lat' dir='ltr'><strong>orta</strong></span> <span class='ocrx_word' id='word_1_100' title='bbox 827 2118 859 2170; x_wconf 92' lang='lat' dir='ltr'><strong>et</strong></span> <span class='ocrx_word' id='word_1_101' title='bbox 880 2105 1082 2171; x_wconf 83' lang='lat' dir='ltr'><strong>conformata</strong></span> <span class='ocrx_word' id='word_1_102' title='bbox 1105 2107 1260 2174; x_wconf 83' lang='lat' dir='ltr'><strong>videatur.</strong></span> 
     </span>
    </p>

    <p class='ocr_par' dir='ltr' id='par_1_4' title="bbox 364 2208 1427 4244">
     <span class='ocr_line' id='line_1_17' title="bbox 458 2208 1427 2299; baseline -0.002 -23"><span class='ocrx_word' id='word_1_103' title='bbox 458 2210 559 2295; x_wconf 87' lang='lat' dir='ltr'><strong>Cujus</strong></span> <span class='ocrx_word' id='word_1_104' title='bbox 581 2211 764 2298; x_wconf 84' lang='lat' dir='ltr'><strong>argumenti</strong></span> <span class='ocrx_word' id='word_1_105' title='bbox 797 2208 1109 2274; x_wconf 87' lang='lat' dir='ltr'><strong>commentationem</strong></span> <span class='ocrx_word' id='word_1_106' title='bbox 1140 2234 1250 2276; x_wconf 90' lang='lat' dir='ltr'><strong>meam</strong></span> <span class='ocrx_word' id='word_1_107' title='bbox 1283 2212 1427 2299; x_wconf 88' lang='lat' dir='ltr'><strong>qualem-</strong></span> 
     </span>
     <span class='ocr_line' id='line_1_18' title="bbox 372 2311 1427 2402; baseline -0.001 -23"><span class='ocrx_word' id='word_1_108' title='bbox 372 2338 500 2402; x_wconf 91' lang='lat' dir='ltr'><strong>cunque</strong></span> <span class='ocrx_word' id='word_1_109' title='bbox 520 2315 667 2401; x_wconf 88' lang='lat' dir='ltr'><strong>praemio</strong></span> <span class='ocrx_word' id='word_1_110' title='bbox 690 2325 838 2378; x_wconf 88' lang='lat' dir='ltr'><strong>ornatam</strong></span> <span class='ocrx_word' id='word_1_111' title='bbox 856 2334 958 2399; x_wconf 91' lang='lat' dir='ltr'><strong>quum</strong></span> <span class='ocrx_word' id='word_1_112' title='bbox 969 2334 1029 2398; x_wconf 90' lang='lat' dir='ltr'><strong>per</strong></span> <span class='ocrx_word' id='word_1_113' title='bbox 1039 2311 1104 2378; x_wconf 90' lang='lat' dir='ltr'><strong>hoc</strong></span> <span class='ocrx_word' id='word_1_114' title='bbox 1125 2324 1255 2402; x_wconf 90' lang='lat' dir='ltr'><strong>tempus</strong></span> <span class='ocrx_word' id='word_1_115' title='bbox 1277 2326 1427 2380; x_wconf 89' lang='lat' dir='ltr'><strong>constan·</strong></span> 
     </span>
     <span class='ocr_line' id='line_1_19' title="bbox 372 2413 1424 2503; baseline -0.002 -21"><span class='ocrx_word' id='word_1_116' title='bbox 372 2419 455 2482; x_wconf 91' lang='lat' dir='ltr'><strong>tiore</strong></span> <span class='ocrx_word' id='word_1_117' title='bbox 477 2440 553 2481; x_wconf 89' lang='lat' dir='ltr'><strong>cura</strong></span> <span class='ocrx_word' id='word_1_118' title='bbox 584 2416 812 2503; x_wconf 79' lang='lat' dir='ltr'><strong>diligentiaque</strong></span> <span class='ocrx_word' id='word_1_119' title='bbox 846 2415 881 2479; x_wconf 92' lang='lat' dir='ltr'><strong>in</strong></span> <span class='ocrx_word' id='word_1_120' title='bbox 912 2413 1055 2500; x_wconf 89' lang='lat' dir='ltr'><strong>reliquiis</strong></span> <span class='ocrx_word' id='word_1_121' title='bbox 1077 2416 1260 2480; x_wconf 91' lang='lat' dir='ltr'><strong>carminum</strong></span> <span class='ocrx_word' id='word_1_122' title='bbox 1283 2428 1424 2480; x_wconf 87' lang='lat' dir='ltr'><strong>vetusto-</strong></span> 
     </span>
     <span class='ocr_line' id='line_1_20' title="bbox 371 2517 1424 2606; baseline -0.003 -21"><span class='ocrx_word' id='word_1_123' title='bbox 371 2545 446 2585; x_wconf 89' lang='lat' dir='ltr'><strong>rum</strong></span> <span class='ocrx_word' id='word_1_124' title='bbox 487 2519 689 2605; x_wconf 81' lang='lat' dir='ltr'><strong>colligendis,</strong></span> <span class='ocrx_word' id='word_1_125' title='bbox 731 2517 952 2594; x_wconf 88' lang='lat' dir='ltr'><strong>restituendis,</strong></span> <span class='ocrx_word' id='word_1_126' title='bbox 999 2517 1195 2604; x_wconf 87' lang='lat' dir='ltr'><strong>explicandis</strong></span> <span class='ocrx_word' id='word_1_127' title='bbox 1236 2519 1339 2606; x_wconf 89' lang='lat' dir='ltr'><strong>posita</strong></span> <span class='ocrx_word' id='word_1_128' title='bbox 1382 2519 1424 2582; x_wconf 91' lang='lat' dir='ltr'><strong>ita</strong></span> 
     </span>
     <span class='ocr_line' id='line_1_21' title="bbox 371 2620 1422 2710; baseline -0.003 -23"><span class='ocrx_word' id='word_1_129' title='bbox 371 2622 612 2688; x_wconf 83' lang='lat' dir='ltr'><strong>retractaverim</strong></span> <span class='ocrx_word' id='word_1_130' title='bbox 645 2634 677 2686; x_wconf 92' lang='lat' dir='ltr'><strong>et</strong></span> <span class='ocrx_word' id='word_1_131' title='bbox 708 2620 990 2710; x_wconf 88' lang='lat' dir='ltr'><strong>amplificaverim‚</strong></span> <span class='ocrx_word' id='word_1_132' title='bbox 1032 2632 1068 2683; x_wconf 93' lang='lat' dir='ltr'><strong>ut</strong></span> <span class='ocrx_word' id='word_1_133' title='bbox 1098 2622 1132 2684; x_wconf 91' lang='lat' dir='ltr'><strong>in</strong></span> <span class='ocrx_word' id='word_1_134' title='bbox 1163 2621 1311 2686; x_wconf 91' lang='lat' dir='ltr'><strong>libellum</strong></span> <span class='ocrx_word' id='word_1_135' title='bbox 1342 2621 1422 2685; x_wconf 90' lang='lat' dir='ltr'><strong>mihi</strong></span> 
     </span>
     <span class='ocr_line' id='line_1_22' title="bbox 371 2721 1423 2813; baseline -0.003 -24"><span class='ocrx_word' id='word_1_136' title='bbox 371 2727 579 2803; x_wconf 88' lang='lat' dir='ltr'><strong>incresceret,</strong></span> <span class='ocrx_word' id='word_1_137' title='bbox 600 2725 746 2813; x_wconf 88' lang='lat' dir='ltr'><strong>primum</strong></span> <span class='ocrx_word' id='word_1_138' title='bbox 769 2725 878 2788; x_wconf 89' lang='lat' dir='ltr'><strong>omnia</strong></span> <span class='ocrx_word' id='word_1_139' title='bbox 890 2721 1058 2810; x_wconf 88' lang='lat' dir='ltr'><strong>popularis</strong></span> <span class='ocrx_word' id='word_1_140' title='bbox 1075 2724 1305 2788; x_wconf 86' lang='lat' dir='ltr'><strong>Romanorum</strong></span> <span class='ocrx_word' id='word_1_141' title='bbox 1316 2724 1423 2811; x_wconf 90' lang='lat' dir='ltr'><strong>poesis</strong></span> 
     </span>
     <span class='ocr_line' id='line_1_23' title="bbox 370 2825 1424 2915; baseline -0.002 -23"><span class='ocrx_word' id='word_1_142' title='bbox 370 2851 486 2915; x_wconf 89' lang='lat' dir='ltr'><strong>genera</strong></span> <span class='ocrx_word' id='word_1_143' title='bbox 518 2828 707 2914; x_wconf 88' lang='lat' dir='ltr'><strong>complexus</strong></span> <span class='ocrx_word' id='word_1_144' title='bbox 739 2827 920 2912; x_wconf 84' lang='lat' dir='ltr'><strong>fragmenta</strong></span> <span class='ocrx_word' id='word_1_145' title='bbox 953 2825 978 2888; x_wconf 90' lang='lat' dir='ltr'><strong>si</strong></span> <span class='ocrx_word' id='word_1_146' title='bbox 1007 2848 1069 2912; x_wconf 89' lang='lat' dir='ltr'><strong>qua</strong></span> <span class='ocrx_word' id='word_1_147' title='bbox 1092 2838 1215 2890; x_wconf 84' lang='lat' dir='ltr'><strong>exstant</strong></span> <span class='ocrx_word' id='word_1_148' title='bbox 1236 2827 1424 2912; x_wconf 83' lang='lat' dir='ltr'><strong>conquisivi,</strong></span> 
     </span>
     <span class='ocr_line' id='line_1_24' title="bbox 370 2927 1424 3017; baseline -0.001 -24"><span class='ocrx_word' id='word_1_149' title='bbox 370 2931 476 2995; x_wconf 88' lang='lat' dir='ltr'><strong>critica</strong></span> <span class='ocrx_word' id='word_1_150' title='bbox 499 2930 711 3017; x_wconf 91' lang='lat' dir='ltr'><strong>quantumin</strong></span> <span class='ocrx_word' id='word_1_151' title='bbox 732 2954 786 2994; x_wconf 87' lang='lat' dir='ltr'><strong>me</strong></span> <span class='ocrx_word' id='word_1_152' title='bbox 808 2940 857 2993; x_wconf 89' lang='lat' dir='ltr'><strong>est</strong></span> <span class='ocrx_word' id='word_1_153' title='bbox 876 2928 1002 2992; x_wconf 89' lang='lat' dir='ltr'><strong>ratione</strong></span> <span class='ocrx_word' id='word_1_154' title='bbox 1023 2927 1165 2992; x_wconf 88' lang='lat' dir='ltr'><strong>adbibita</strong></span> <span class='ocrx_word' id='word_1_155' title='bbox 1187 2929 1357 2994; x_wconf 88' lang='lat' dir='ltr'><strong>emendavi</strong></span> <span class='ocrx_word' id='word_1_156' title='bbox 1379 2941 1424 2992; x_wconf 90' lang='lat' dir='ltr'><strong>at-</strong></span> 
     </span>
     <span class='ocr_line' id='line_1_25' title="bbox 371 3031 1422 3124; baseline -0.001 -28"><span class='ocrx_word' id='word_1_157' title='bbox 371 3057 434 3119; x_wconf 90' lang='lat' dir='ltr'><strong>que</strong></span> <span class='ocrx_word' id='word_1_158' title='bbox 456 3033 682 3121; x_wconf 87' lang='lat' dir='ltr'><strong>interpretatus</strong></span> <span class='ocrx_word' id='word_1_159' title='bbox 704 3056 792 3110; x_wconf 86' lang='lat' dir='ltr'><strong>sum,</strong></span> <span class='ocrx_word' id='word_1_160' title='bbox 824 3031 966 3117; x_wconf 90' lang='lat' dir='ltr'><strong>denique</strong></span> <span class='ocrx_word' id='word_1_161' title='bbox 993 3031 1091 3111; x_wconf 81' lang='lat' dir='ltr'><strong>dcvi</strong></span> <span class='ocrx_word' id='word_1_162' title='bbox 1119 3043 1151 3095; x_wconf 91' lang='lat' dir='ltr'><strong>et</strong></span> <span class='ocrx_word' id='word_1_163' title='bbox 1172 3031 1283 3124; x_wconf 88' lang='lat' dir='ltr'><strong>indole</strong></span> <span class='ocrx_word' id='word_1_164' title='bbox 1306 3050 1422 3096; x_wconf 90' lang='lat' dir='ltr'><strong>eorum</strong></span> 
     </span>
     <span class='ocr_line' id='line_1_26' title="bbox 369 3133 1423 3221; baseline 0 -23"><span class='ocrx_word' id='word_1_165' title='bbox 369 3135 523 3216; x_wconf 89' lang='lat' dir='ltr'><strong>judicium</strong></span> <span class='ocrx_word' id='word_1_166' title='bbox 546 3136 616 3200; x_wconf 84' lang='lat' dir='ltr'><strong>leci.</strong></span> <span class='ocrx_word' id='word_1_167' title='bbox 661 3136 737 3220; x_wconf 85' lang='lat' dir='ltr'><strong>Quo</strong></span> <span class='ocrx_word' id='word_1_168' title='bbox 759 3136 793 3198; x_wconf 92' lang='lat' dir='ltr'><strong>in</strong></span> <span class='ocrx_word' id='word_1_169' title='bbox 815 3157 934 3221; x_wconf 90' lang='lat' dir='ltr'><strong>genere</strong></span> <span class='ocrx_word' id='word_1_170' title='bbox 956 3133 1152 3218; x_wconf 85' lang='lat' dir='ltr'><strong>singularem</strong></span> <span class='ocrx_word' id='word_1_171' title='bbox 1177 3155 1312 3221; x_wconf 88' lang='lat' dir='ltr'><strong>operam</strong></span> <span class='ocrx_word' id='word_1_172' title='bbox 1323 3134 1423 3198; x_wconf 90' lang='lat' dir='ltr'><strong>collo-</strong></span> 
     </span>
     <span class='ocr_line' id='line_1_27' title="bbox 370 3236 1422 3323; baseline 0.001 -23"><span class='ocrx_word' id='word_1_173' title='bbox 370 3236 507 3303; x_wconf 57' lang='lat' dir='ltr'><strong>«eandam</strong></span> <span class='ocrx_word' id='word_1_174' title='bbox 529 3239 697 3303; x_wconf 86' lang='lat' dir='ltr'><strong>arbitratus</strong></span> <span class='ocrx_word' id='word_1_175' title='bbox 720 3260 792 3302; x_wconf 90' lang='lat' dir='ltr'><strong>sum</strong></span> <span class='ocrx_word' id='word_1_176' title='bbox 814 3237 847 3300; x_wconf 91' lang='lat' dir='ltr'><strong>in</strong></span> <span class='ocrx_word' id='word_1_177' title='bbox 869 3236 1097 3323; x_wconf 90' lang='lat' dir='ltr'><strong>antiquissimis</strong></span> <span class='ocrx_word' id='word_1_178' title='bbox 1119 3238 1316 3302; x_wconf 79' lang='lat' dir='ltr'><strong>carminibus</strong></span> <span class='ocrx_word' id='word_1_179' title='bbox 1327 3238 1422 3302; x_wconf 86' lang='lat' dir='ltr'><strong>sacris</strong></span> 
     </span>
     <span class='ocr_line' id='line_1_28' title="bbox 370 3339 1421 3428; baseline -0.001 -23"><span class='ocrx_word' id='word_1_180' title='bbox 370 3342 534 3406; x_wconf 86' lang='lat' dir='ltr'><strong>Saliorum</strong></span> <span class='ocrx_word' id='word_1_181' title='bbox 562 3353 594 3405; x_wconf 91' lang='lat' dir='ltr'><strong>et</strong></span> <span class='ocrx_word' id='word_1_182' title='bbox 615 3340 783 3404; x_wconf 85' lang='lat' dir='ltr'><strong>Arvalium</strong></span> <span class='ocrx_word' id='word_1_183' title='bbox 815 3339 1021 3404; x_wconf 85' lang='lat' dir='ltr'><strong>sacerdotum</strong></span> <span class='ocrx_word' id='word_1_184' title='bbox 1043 3339 1268 3426; x_wconf 86' lang='lat' dir='ltr'><strong>explanandis,</strong></span> <span class='ocrx_word' id='word_1_185' title='bbox 1300 3343 1421 3428; x_wconf 91' lang='lat' dir='ltr'><strong>quippe</strong></span> 
     </span>
     <span class='ocr_line' id='line_1_29' title="bbox 370 3441 1421 3532; baseline -0.002 -24"><span class='ocrx_word' id='word_1_186' title='bbox 370 3468 451 3532; x_wconf 90' lang='lat' dir='ltr'><strong>quae</strong></span> <span class='ocrx_word' id='word_1_187' title='bbox 474 3445 592 3508; x_wconf 87' lang='lat' dir='ltr'><strong>summi</strong></span> <span class='ocrx_word' id='word_1_188' title='bbox 614 3443 772 3506; x_wconf 90' lang='lat' dir='ltr'><strong>momenti</strong></span> <span class='ocrx_word' id='word_1_189' title='bbox 796 3465 866 3506; x_wconf 90' lang='lat' dir='ltr'><strong>esse</strong></span> <span class='ocrx_word' id='word_1_190' title='bbox 887 3442 1033 3506; x_wconf 88' lang='lat' dir='ltr'><strong>viderem</strong></span> <span class='ocrx_word' id='word_1_191' title='bbox 1055 3441 1148 3506; x_wconf 88' lang='lat' dir='ltr'><strong>etad</strong></span> <span class='ocrx_word' id='word_1_192' title='bbox 1169 3442 1291 3528; x_wconf 90' lang='lat' dir='ltr'><strong>priscas</strong></span> <span class='ocrx_word' id='word_1_193' title='bbox 1313 3443 1421 3507; x_wconf 88' lang='lat' dir='ltr'><strong>literas</strong></span> 
     </span>
     <span class='ocr_line' id='line_1_30' title="bbox 369 3544 1421 3630; baseline -0.001 -20"><span class='ocrx_word' id='word_1_194' title='bbox 369 3547 499 3611; x_wconf 89' lang='lat' dir='ltr'><strong>Latinas</strong></span> <span class='ocrx_word' id='word_1_195' title='bbox 522 3545 742 3628; x_wconf 89' lang='lat' dir='ltr'><strong>dijudicandas</strong></span> <span class='ocrx_word' id='word_1_196' title='bbox 770 3556 801 3609; x_wconf 88' lang='lat' dir='ltr'><strong>et</strong></span> <span class='ocrx_word' id='word_1_197' title='bbox 827 3544 868 3608; x_wconf 87' lang='lat' dir='ltr'><strong>ad</strong></span> <span class='ocrx_word' id='word_1_198' title='bbox 896 3545 1045 3630; x_wconf 89' lang='lat' dir='ltr'><strong>proprias</strong></span> <span class='ocrx_word' id='word_1_199' title='bbox 1072 3555 1276 3609; x_wconf 87' lang='lat' dir='ltr'><strong>vetustorum</strong></span> <span class='ocrx_word' id='word_1_200' title='bbox 1298 3546 1421 3609; x_wconf 85' lang='lat' dir='ltr'><strong>Roma-</strong></span> 
     </span>
     <span class='ocr_line' id='line_1_31' title="bbox 369 3646 1420 3735; baseline -0.002 -21"><span class='ocrx_word' id='word_1_201' title='bbox 369 3672 488 3714; x_wconf 89' lang='lat' dir='ltr'><strong>norum</strong></span> <span class='ocrx_word' id='word_1_202' title='bbox 514 3648 686 3735; x_wconf 89' lang='lat' dir='ltr'><strong>religiones</strong></span> <span class='ocrx_word' id='word_1_203' title='bbox 714 3647 965 3734; x_wconf 88' lang='lat' dir='ltr'><strong>perspiciendas.</strong></span> <span class='ocrx_word' id='word_1_204' title='bbox 1029 3649 1135 3734; x_wconf 84' lang='lat' dir='ltr'><strong>Atque</strong></span> <span class='ocrx_word' id='word_1_205' title='bbox 1162 3646 1216 3712; x_wconf 93' lang='lat' dir='ltr'><strong>hic</strong></span> <span class='ocrx_word' id='word_1_206' title='bbox 1236 3659 1420 3735; x_wconf 90' lang='lat' dir='ltr'><strong>temperare</strong></span> 
     </span>
     <span class='ocr_line' id='line_1_32' title="bbox 367 3748 1420 3838; baseline -0.003 -23"><span class='ocrx_word' id='word_1_207' title='bbox 367 3752 448 3816; x_wconf 83' lang='lat' dir='ltr'><strong>milri</strong></span> <span class='ocrx_word' id='word_1_208' title='bbox 471 3776 539 3817; x_wconf 92' lang='lat' dir='ltr'><strong>non</strong></span> <span class='ocrx_word' id='word_1_209' title='bbox 565 3774 719 3838; x_wconf 86' lang='lat' dir='ltr'><strong>possum,</strong></span> <span class='ocrx_word' id='word_1_210' title='bbox 752 3750 830 3837; x_wconf 93' lang='lat' dir='ltr'><strong>quin</strong></span> <span class='ocrx_word' id='word_1_211' title='bbox 863 3748 979 3835; x_wconf 86' lang='lat' dir='ltr'><strong>gratias</strong></span> <span class='ocrx_word' id='word_1_212' title='bbox 1012 3770 1105 3834; x_wconf 87' lang='lat' dir='ltr'><strong>agam</strong></span> <span class='ocrx_word' id='word_1_213' title='bbox 1139 3772 1236 3836; x_wconf 87' lang='lat' dir='ltr'><strong>quarn</strong></span> <span class='ocrx_word' id='word_1_214' title='bbox 1264 3750 1420 3814; x_wconf 86' lang='lat' dir='ltr'><strong>maximas</strong></span> 
     </span>
     <span class='ocr_line' id='line_1_33' title="bbox 367 3850 1418 3938; baseline 0 -23"><span class='ocrx_word' id='word_1_215' title='bbox 367 3853 442 3918; x_wconf 91' lang='lat' dir='ltr'><strong>viris</strong></span> <span class='ocrx_word' id='word_1_216' title='bbox 464 3854 646 3919; x_wconf 89' lang='lat' dir='ltr'><strong>clarissimis</strong></span> <span class='ocrx_word' id='word_1_217' title='bbox 669 3852 707 3917; x_wconf 84' lang='lat' dir='ltr'><strong>C.</strong></span> <span class='ocrx_word' id='word_1_218' title='bbox 730 3851 944 3916; x_wconf 88' lang='lat' dir='ltr'><strong>Lachmanno</strong></span> <span class='ocrx_word' id='word_1_219' title='bbox 967 3863 998 3914; x_wconf 86' lang='lat' dir='ltr'><strong>et</strong></span> <span class='ocrx_word' id='word_1_220' title='bbox 1019 3850 1083 3915; x_wconf 74' lang='lat' dir='ltr'><strong>Th.</strong></span> <span class='ocrx_word' id='word_1_221' title='bbox 1106 3851 1256 3937; x_wconf 88' lang='lat' dir='ltr'><strong>Bergkio,</strong></span> <span class='ocrx_word' id='word_1_222' title='bbox 1278 3874 1418 3938; x_wconf 88' lang='lat' dir='ltr'><strong>quorum</strong></span> 
     </span>
     <span class='ocr_line' id='line_1_34' title="bbox 366 3952 1420 4040; baseline 0 -22"><span class='ocrx_word' id='word_1_223' title='bbox 366 3955 592 4020; x_wconf 87' lang='lat' dir='ltr'><strong>benevolentia</strong></span> <span class='ocrx_word' id='word_1_224' title='bbox 619 3967 651 4020; x_wconf 86' lang='lat' dir='ltr'><strong>et</strong></span> <span class='ocrx_word' id='word_1_225' title='bbox 671 3954 818 4019; x_wconf 87' lang='lat' dir='ltr'><strong>doctrina</strong></span> <span class='ocrx_word' id='word_1_226' title='bbox 840 3964 1043 4040; x_wconf 83' lang='lat' dir='ltr'><strong>quantopere</strong></span> <span class='ocrx_word' id='word_1_227' title='bbox 1068 3952 1149 4017; x_wconf 91' lang='lat' dir='ltr'><strong>mihi</strong></span> <span class='ocrx_word' id='word_1_228' title='bbox 1171 3965 1301 4040; x_wconf 83' lang='lat' dir='ltr'><strong>praesto</strong></span> <span class='ocrx_word' id='word_1_229' title='bbox 1324 3953 1420 4018; x_wconf 84' lang='lat' dir='ltr'><strong>luerit</strong></span> 
     </span>
     <span class='ocr_line' id='line_1_35' title="bbox 366 4054 1419 4143; baseline -0.001 -23"><span class='ocrx_word' id='word_1_230' title='bbox 366 4056 400 4121; x_wconf 92' lang='lat' dir='ltr'><strong>in</strong></span> <span class='ocrx_word' id='word_1_231' title='bbox 422 4057 472 4122; x_wconf 90' lang='lat' dir='ltr'><strong>his</strong></span> <span class='ocrx_word' id='word_1_232' title='bbox 493 4057 605 4122; x_wconf 91' lang='lat' dir='ltr'><strong>studiis</strong></span> <span class='ocrx_word' id='word_1_233' title='bbox 626 4054 863 4143; x_wconf 90' lang='lat' dir='ltr'><strong>persequendis</strong></span> <span class='ocrx_word' id='word_1_234' title='bbox 885 4066 916 4118; x_wconf 93' lang='lat' dir='ltr'><strong>et</strong></span> <span class='ocrx_word' id='word_1_235' title='bbox 937 4054 1127 4134; x_wconf 85' lang='lat' dir='ltr'><strong>recolendis,</strong></span> <span class='ocrx_word' id='word_1_236' title='bbox 1149 4057 1232 4121; x_wconf 84' lang='lat' dir='ltr'><strong>infra</strong></span> <span class='ocrx_word' id='word_1_237' title='bbox 1255 4057 1319 4120; x_wconf 89' lang='lat' dir='ltr'><strong>suis</strong></span> <span class='ocrx_word' id='word_1_238' title='bbox 1341 4056 1419 4120; x_wconf 89' lang='lat' dir='ltr'><strong>locis</strong></span> 
     </span>
     <span class='ocr_line' id='line_1_36' title="bbox 364 4155 527 4244; baseline 0.012 -22"><span class='ocrx_word' id='word_1_239' title='bbox 364 4155 527 4244; x_wconf 81' lang='lat' dir='ltr'><strong>profitear.</strong></span> 
     </span>
    </p>
   </div>
   <div class='ocr_carea' id='block_1_3' title="bbox 0 0 1704 5042">
    <p class='ocr_par' dir='ltr' id='par_1_5' title="bbox 0 0 1704 5042">
     <span class='ocr_line' id='line_1_37' title="bbox 0 0 1704 5042; baseline 0 5"><span class='ocrx_word' id='word_1_240' title='bbox 0 0 1704 5042; x_wconf 95' lang='lat' dir='ltr'><strong> </strong></span> 
     </span>
    </p>
   </div>
  </div>
 </body>
</html>
