3400 5042
833 551 907 628 150

342 725 558 814 explicantur,
590 737 626 792 ut
652 749 727 792 cum
755 726 916 792 constanti
946 726 1127 814 argumenti
1155 747 1274 814 genere
1304 736 1404 792 statu·

341 829 446 913 tisque
465 825 660 912 quibusdam
677 827 826 914 personis
845 827 943 892 etiam
959 828 1038 892 certi
1050 839 1082 892 et
1093 827 1255 914 simplices
1268 827 1404 892 canendi

343 927 544 1015 saltandique
566 927 657 992 modi
680 929 843 1009 conjuncti
867 929 962 994 luisse
985 928 1164 994 videantur.

425 1029 592 1092 Praeterea
607 1051 692 1105 ,vero
716 1052 815 1095 nemo
838 1052 956 1118 negare
974 1041 1112 1116 poterat,
1134 1029 1220 1095 cives
1234 1030 1404 1095 Romanos

341 1129 401 1193 has
423 1140 546 1193 saturas
567 1142 757 1216 peragentes
779 1131 870 1196 nullo
892 1129 995 1196 modo
1018 1153 1035 1195 a
1059 1129 1181 1196 facetiis
1209 1129 1249 1196 ad
1273 1152 1406 1220 rempu-

342 1231 461 1295 blicam
488 1231 706 1316 spectantibus
735 1232 939 1310 abstinuisse,
974 1231 1005 1295 id
1033 1231 1123 1320 quod
1152 1231 1406 1321 triumphalibus

342 1333 483 1397 militum
516 1332 662 1397 versibus
694 1334 745 1398 vel
777 1334 897 1398 summi
931 1334 1090 1398 momenti
1124 1333 1222 1398 luisse
1256 1332 1405 1399 vidimus.

344 1439 458 1522 ltaque
479 1432 564 1497 hanc
586 1434 749 1499 licentiam
772 1460 822 1500 res
845 1435 1062 1522 hominesque
1085 1435 1118 1498 in
1139 1436 1306 1522 republica
1329 1439 1410 1500 con-‘

342 1539 472 1626 spicuos
493 1536 651 1600 illudendi
674 1561 749 1600 cum
775 1550 940 1602 crescente
966 1538 1171 1624 plebeiorum
1199 1537 1347 1602 libertate
1369 1562 1407 1602 ac

343 1639 489 1729 potentia
526 1643 634 1724 augeri
674 1639 831 1727 latiusque
865 1662 999 1704 manare
1037 1652 1294 1703 consentaneum
1327 1652 1406 1704 erat.

344 1745 388 1808 Ut
410 1765 488 1805 vero
510 1763 607 1825 supra
629 1741 769 1804 vidimus
797 1742 1032 1828 epigrammata
1056 1767 1074 1806 e
1096 1765 1190 1805 more
1212 1741 1268 1806 illo
1291 1765 1407 1806 occen-

342 1844 431 1909 tandi
455 1843 487 1905 in
512 1842 639 1906 rusticis
675 1843 877 1906 solemnibus
904 1856 937 1907 ct
962 1844 1137 1930 triumphis
1171 1855 1240 1908 orta
1268 1855 1300 1908 et
1328 1867 1407 1908 con·

343 1958 430 2010 creta
452 1945 485 2008 in
507 1967 608 2007 unum
632 1968 718 2023 esse,
741 1945 785 2009 sic
806 1946 902 2010 satira
924 1945 1054 2022 Naevii,
1082 1947 1193 2022 Ennii,
1226 1945 1341 2010 Lucilii
1364 1947 1406 2010 ad

343 2046 582 2134 rempublicam
615 2058 762 2132 spectans
790 2046 1006 2112 edramatica
1034 2048 1093 2112 ista
1119 2047 1326 2133 altercatione
1358 2049 1408 2127 ju·

343 2172 465 2214 venum
498 2159 648 2212 actorum
675 2148 707 2212 in
735 2159 933 2236 perpetuum
965 2150 1224 2238 continuumque
1254 2150 1407 2214 carminis

343 2274 528 2317 connexum
556 2249 606 2313 via
629 2273 665 2314 ac
693 2251 818 2314 ratione
851 2250 1045 2336 dispositum
1078 2251 1236 2316 coaluisse
1268 2251 1407 2316 videtur.

345 2354 572 2441 Quamobrem
596 2353 637 2416 de
661 2355 791 2440 antiqua
814 2364 919 2416 satura
946 2353 1035 2418 idem
1061 2354 1170 2418 valere
1197 2352 1406 2432 crediderim,

346 2458 435 2546 quod
458 2457 498 2520 de
521 2455 586 2520 suis
609 2455 806 2519 carminibus
828 2454 995 2540 praedicat
1015 2455 1201 2520 Juvenalis:

446 2557 639 2646 »Quidquid
663 2568 762 2644 agunt
782 2555 950 2634 homines,
979 2568 1107 2634 votum,
1133 2557 1246 2636 timor,
1267 2556 1328 2634 ira,
1349 2580 1408 2622 vo·

767 2657 883 2746 luptas‚

449 2761 593 2839 Gaudia,
615 2760 791 2837 discursus,
812 2760 912 2824 nostri
936 2773 984 2824 est
1004 2759 1133 2848 farrago
1155 2760 1273 2825 libelli«
1283 2763 1324 2840 ⁸).

253 2950 257 2954 ᾗ
344 2881 441 2955 atque
469 2863 657 2950 exemplum
689 2863 783 2926 nobis
815 2863 986 2950 proposuit
1013 2864 1158 2928 satiricae
1190 2863 1407 2928 altercationis

346 2969 499 3034 Horatius
521 2968 554 3030 in
578 2965 712 3052 epistola
727 2972 767 3043 ⁹),
800 2988 862 3051 qua
885 2966 968 3029 duos
994 2965 1163 3030 mendicos
1188 2965 1280 3052 fingit
1306 2966 1403 3031 male·

345 3073 437 3136 dictis
469 3070 609 3134 invicem
641 3068 699 3131 sibi
739 3079 956 3131 occentantes.
1021 3068 1251 3153 Quamobrem
1289 3068 1406 3133 cadem

346 3175 471 3240 Horatii
501 3176 643 3237 carmina
670 3169 820 3234 facillime
848 3182 1001 3257 poterant
1029 3181 1061 3234 et
1089 3171 1267 3236 Sermones
1296 3182 1328 3236 et
1348 3171 1408 3236 Sa·

344 3279 423 3343 tiras
445 3273 611 3364 appellari.
726 3343 730 3351 „

346 3448 558 3460 ..—.---—-

401 3546 426 3616 ⁰)
444 3544 569 3601 Juvenal.
588 3542 667 3597 Satin
685 3542 707 3606 l,
724 3540 765 3594 58.

348 3653 351 3659 '
401 3635 426 3705 ⁹)
445 3637 541 3689 Horat.
560 3633 629 3705 Epp.
648 3631 669 3694 Ι,
689 3631 730 3694 17,
747 3629 791 3683 48.
809 3647 867 3684 cum
886 3627 969 3683 schol.
