3400 5042
827 534 902 616 184

422 711 488 800 Qui
510 699 643 802 quidem
664 710 727 777 loci
749 706 871 779 docent
897 735 988 791 sene,
1014 711 1112 778 etiarn
1133 713 1167 780 in
1188 713 1253 780 hoc
1280 735 1398 801 genere

338 813 506 904 popularis
528 815 756 879 Romanorum
782 814 891 900 poesis
921 837 989 880 esse
1017 814 1164 903 aliquod,
1196 814 1285 904 quod
1312 837 1400 878 scru-

338 917 453 1004 pulum
475 914 571 980 nobis
597 916 734 979 excitare
761 915 873 1001 possit.
916 917 1063 982 Primum
1090 916 1179 981 enim
1206 939 1281 980 cum
1308 926 1398 979 tanto

339 1018 373 1082 in
395 1015 523 1081 honore
544 1015 731 1104 triumphus
751 1017 942 1095 haberetur,
971 1030 1006 1082 ut
1028 1018 1147 1082 summi
1170 1018 1226 1082 viri
1249 1017 1282 1082 in
1304 1039 1400 1104 repu-

339 1118 422 1184 blica
459 1115 556 1199 hujus
594 1117 656 1184 diei
693 1118 942 1206 amplitudinem
975 1131 1010 1183 ut
1043 1118 1400 1208 magnificentissimum

338 1217 522 1308 praemium
545 1217 643 1284 totius
670 1219 754 1284 vitae
779 1220 892 1284 studiis
917 1220 1147 1311 laboribusque
1175 1218 1400 1310 quaerendum

340 1330 500 1409 putarent,
522 1320 819 1387 nonne·ofsendere
837 1320 973 1410 videtur,
996 1345 1051 1386 eos
1070 1321 1130 1386 hec
1142 1321 1209 1409 ipsa
1222 1320 1254 1384 in
1268 1343 1400 1408 pompe,
1472 1347 1474 1351 ·

340 1419 424 1511 quos
445 1421 485 1487 ad
508 1421 644 1489 coelum.
659 1421 810 1487 laudibus
832 1422 976 1486 sublatos
999 1423 1162 1499 crederes,
1191 1423 1329 1487 militum
1353 1416 1400 1485 lu-

340 1525 435 1589 dicris
466 1523 610 1588 versibus
634 1535 773 1587 ¹vexatos
806 1528 897 1589 esse?
941 1524 1030 1609 Quid
1062 1529 1187 1611 porro?
1229 1525 1262 1589 Si
1291 1523 1401 1587 laudes

341 1649 473 1716 quoque
498 1624 771 1712 triumphantium
799 1625 980 1690 celebratae
1007 1639 1081 1690 sunt
1107 1627 1289 1703 cantilenis,
1321 1649 1401 1712 quo-

340 1729 443 1792 modo
464 1727 527 1791 hae
549 1751 624 1791 cum
646 1727 766 1791 facetiis
779 1727 968 1792 etludibriis
990 1733 1233 1793 convenerunt?
1254 1730 1400 1815 Uterque

341 1853 420 1895 vero
443 1829 613 1916 scrupulus
634 1829 760 1893 ratione
779 1841 810 1893 et
829 1829 979 1894 facultate
1000 1829 1119 1894 horum
1133 1854 1285 1894 versuum
1297 1831 1401 1916 probe

340 1932 503 2018 recognita
525 1930 613 1995 haud
636 1930 767 1994 difficile
790 1931 947 1997 evellitur.
1055 1945 1057 1947 ’

425 2032 601 2098 Petersenii
624 2033 755 2120 quidem
778 2033 935 2098 sententia
958 2057 975 2097 a
998 2033 1127 2097 ludicris
1148 2034 1402 2122 jocosisquemi·

340 2137 434 2202 litum
456 2134 653 2199 carminibus
679 2135 877 2203 secernenda
904 2147 979 2199 sunt
1004 2136 1174 2200 severiora
1191 2160 1228 2200 ac
1256 2136 1401 2222 graviora

342 2239 502 2329 quaedam
524 2236 604 2300 tanti
626 2235 766 2300 ambitus
789 2236 1086 2326 amplitudinisque,
1107 2249 1143 2301 ut
1163 2238 1215 2302 vel
1233 2239 1342 2302 Livius
1364 2261 1401 2302 ea

338 2342 375 2409 ‚in
397 2337 585 2406 enarrandis
596 2339 825 2402 Romanorum
847 2340 945 2403 rebus
964 2351 1092 2404 secutus
1109 2340 1199 2420 sit⁸).
1232 2341 1297 2404 Res
1314 2362 1402 2426 ergo,

342 2443 470 2532 opinor,
492 2442 534 2504 ita
557 2463 591 2504 se
613 2438 764 2517 habebat,
787 2453 822 2504 ut
843 2441 961 2506 milites
979 2441 1082 2530 longis
1094 2441 1291 2506 carminibus
1304 2442 1402 2528 epicis

341 2546 424 2610 facta
445 2544 681 2630 imperatorum
703 2543 987 2630 quemadmodum
1004 2542 1120 2607 Graeci
1137 2542 1292 2631 rhapsodi
1311 2567 1403 2609 enar-

341 2658 466 2724 rarent,
497 2656 567 2708 tum
588 2643 639 2707 his
660 2642 758 2707 finitis
780 2645 888 2708 subito
910 2644 1060 2709 militaria
1083 2644 1310 2734 obscoeneque
1331 2649 1401 2727 joca

340 2751 457 2831 jactare
480 2745 671 2833 coepissent.
704 2746 846 2810 Atenim
868 2746 936 2833 ipsa
950 2746 1100 2835 Dionysii
1122 2747 1222 2812 verba
1240 2737 1403 2827 ποιήμα-

343 2858 398 2909 σιν
424 2829 699 2927 ἆυϊοσχέὃίθιςί)
721 2847 796 2911 satis
819 2848 954 2925 docent,
983 2871 1050 2912 non
1071 2872 1169 2936 posse
1190 2849 1250 2913 has
1272 2848 1402 2914 cantile-

341 2975 398 3016 nas
418 2949 610 3038 rhapsodias
632 2960 738 3015 tentae
761 2949 983 3036 amplitudinis
1004 2949 1119 3029 fuisse,
1138 2962 1174 3014 ut
1194 2950 1304 3014 Livius
1324 2973 1402 3036 poe-

340 3055 402 3119 tica
425 3075 537 3116 earum
559 3051 754 3138 praestantia
777 3064 890 3139 captus
911 3053 945 3117 in
966 3074 1099 3140 prosam
1116 3052 1298 3116 orationem
1309 3074 1402 3115 suam

342 3157 481 3221 verterit.
514 3151 724 3240 Conspicitur
744 3166 911 3242 praeterea
934 3154 1046 3218 elsivii
1069 3155 1152 3233 loco,
1173 3154 1326 3236 jocularia
1348 3154 1401 3217 illa

341 3256 586 3344 triumphorum
608 3254 727 3319 eodem
748 3256 851 3321 modo
874 3263 1000 3322 alternis
1021 3257 1167 3321 versibus
1188 3269 1313 3322 cantata
1331 3279 1402 3321 esse

343 3384 409 3448 quo
430 3357 667 3435 Fescenninos,
690 3369 725 3421 ut
747 3358 812 3422 duo
836 3357 926 3423 chori
950 3359 1043 3424 dictis
1064 3359 1204 3424 invicem
1226 3383 1259 3423 se
1281 3382 1402 3446 provo-

342 3473 453 3527 carent
479 3461 684 3549 invicemque
709 3461 957 3547 responderent.
1002 3462 1130 3548 Quodsi
1156 3473 1323 3549 praeterea
1350 3461 1403 3524 Li-

401 3768 427 3839 θ)
446 3770 586 3826 Petersen.
606 3769 699 3842 Origg.
719 3769 780 3824 hist.
798 3771 877 3825 Rom.
894 3791 921 3844 p.
939 3770 980 3823 10.

401 3857 427 3928 ⁴)
445 3859 528 3915 Hunc
553 3859 643 3914 locum
668 3856 796 3929 Dionysii
822 3857 861 3922 ll,
886 3858 921 3911 ³4
943 3856 989 3931 qui
1013 3869 1053 3912 est
1074 3857 1108 3911 de
1134 3857 1243 3912 Romuli
1268 3857 1402 3930 triumpho

445 3947 555 4021 scriptus
573 3946 744 4002 Petersenius
763 3945 781 3999 l.
796 3966 816 3999 c.
836 3965 894 4001 non
910 3947 995 4010 novit,
1012 3946 1113 4018 quippe
1131 3945 1176 4019 qui
1194 3947 1272 4011 dicat,
1290 3946 1403 4020 primum

443 4049 506 4110 post
529 4055 603 4108 reges
629 4047 736 4091 exactos
760 4033 959 4106 triumphalium
985 4033 1128 4090 cenninum
1153 4035 1317 4090 mentionem
1346 4055 1404 4089 ease

445 4126 548 4180 lectam.
592 4123 667 4178 ldem
684 4144 720 4178 ne
738 4142 800 4178 suae
821 4122 969 4179 sententiae
996 4136 1124 4188 noceret,
1151 4123 1290 4196 adscripsit
1315 4122 1403 4178 locum

445 4213 513 4267 Livii
532 4213 581 4277 1V,
599 4214 642 4278 20,
661 4210 706 4267 ubi
724 4231 786 4268 casu
803 4209 874 4264 nihil
891 4211 926 4266 de
942 4209 1009 4281 jocis
1031 4210 1189 4267 militaribus
1212 4211 1292 4266 certis
1314 4210 1404 4265 verbis

446 4301 608 4356 dictumest
