3400 5042
842 527 916 602 lm

352 701 531 786 agebantur
552 724 612 788 pro
635 703 737 789 patria
760 728 776 767 a
795 704 1050 792 Tarquiniorum
1071 707 1223 793 superbia
1246 729 1282 771 ac
1304 719 1412 796 tyran-

353 803 428 866 nide
450 802 597 880 liberata,
641 816 672 867 et
699 804 871 870 clarissima
898 829 1007 893 pugna
1036 807 1226 892 Regillensis
1253 808 1285 871 in
1316 809 1413 875 sacris
1485 887 1487 889 g

352 905 604 984 Dioscurorum,
628 906 745 994 quibus
766 931 827 996 pro
850 909 967 974 auxilio
990 908 1055 974 lato
1078 908 1289 976 posthumius
1313 911 1414 978 dicta-

351 1019 404 1070 tor
425 1007 585 1095 templum
609 1021 754 1087 voverat,
777 1009 999 1090 canebatur²);
1021 1010 1067 1074 sic
1079 1009 1220 1099 denique
1239 1009 1407 1078 Coriolani

352 1110 430 1187 laus,
451 1112 610 1192 Vejorum
632 1112 778 1177 funestus
791 1112 903 1190 exitus,
926 1109 1056 1178 Camilli
1079 1113 1237 1178 fortitudo
1253 1137 1414 1200 acsuper-

354 1212 414 1289 hia,
435 1212 614 1277 Fabiorum
637 1212 754 1289 clades,
775 1214 856 1278 eliae
878 1238 929 1279 res
952 1214 1125 1279 clarissime
1148 1227 1254 1302 gestae
1277 1229 1414 1306 quotan-

353 1316 401 1378 nis
423 1315 580 1400 religiosis
602 1315 803 1380 solemnibus
826 1317 1020 1405 posteritatis
1042 1320 1219 1382 memoriae
1242 1319 1413 1384 mandatae

352 1431 434 1484 sunt.

435 1523 550 1608 Neque
573 1545 771 1611 quemquam
795 1522 908 1611 sugere
929 1534 1047 1608 potest,
1068 1535 1104 1586 ut
1125 1522 1312 1602 hujusmodi
1339 1549 1413 1588 can-

353 1627 412 1689 tica
437 1625 469 1688 in
492 1623 629 1710 publicis
651 1624 782 1711 templis
810 1624 848 1687 ad
877 1625 969 1688 tibias
997 1626 1211 1703 canebantur,
1243 1628 1288 1690 sic
1315 1628 1410 1691 etiam

354 1731 385 1791 in
407 1728 537 1814 privatis
564 1727 797 1815 gentiliciisque
824 1727 1036 1814 patriciorum
1065 1728 1161 1792 sacris
1190 1729 1412 1793 ministrandis

353 1832 432 1896 deos
460 1829 608 1918 gentiles,
645 1829 792 1918 ipsorum
822 1842 968 1895 auctores
995 1829 1050 1918 qui
1078 1841 1282 1917 putarentur,
1315 1833 1411 1895 sacris

353 1935 547 2000 carminibus
568 1932 720 1996 adoratos
742 1957 825 2008 esse;
858 1935 947 2014 cujus
967 1933 1095 2020 generis
1123 1933 1255 1999 luerunt
1275 1933 1409 1998 Potitio-

352 2064 426 2102 rum
458 2035 728 2123 Pinariorumque
750 2037 782 2099 in
805 2035 968 2113 Herculis,
1007 2034 1222 2101 Claudiorum
1254 2036 1287 2100 in
1320 2037 1410 2100 Deae

353 2144 466 2206 Bonae
489 2139 585 2217 cultu,
606 2139 778 2203 Fabiorum
801 2150 832 2202 et
849 2138 1104 2224 Quinctiliorum
1120 2141 1153 2203 in
1171 2138 1411 2226 Lupercalibus,

352 2245 516 2309 Juliorum
540 2243 572 2305 in
595 2242 734 2305 Veneris
756 2239 844 2305 sestis
867 2241 980 2305 diebus
1002 2241 1211 2306 celebrandis.

436 2350 540 2411 Erant
560 2367 639 2408 vero
662 2343 820 2424 ejusmodi
843 2344 987 2408 carmina
1009 2367 1076 2408 non
1094 2344 1197 2430 magis
1210 2345 1300 2433 epira
1312 2369 1410 2436 quarn

354 2451 516 2516 Saliorum
544 2457 726 2524 axamenta,
764 2446 882 2534 quibus
913 2447 1076 2510 clarorum
1104 2446 1249 2511 virorum
1278 2449 1412 2513 nomina

354 2551 521 2647 appellari!
536 2551 699 2627 solebant,
731 2560 786 2613 aut
811 2549 946 2613 naeniae
971 2551 1135 2638 antiquae,
1174 2561 1229 2615 aut
1255 2552 1410 2616 cantilena

353 2658 406 2721 illa
428 2656 468 2720 de
497 2640 662 2743 Caligulae
690 2651 839 2716 laudibus
862 2677 878 2716 a
902 2652 1066 2717 nobilibus
1093 2651 1201 2740 pueris
1229 2653 1411 2742 puellisque

354 2758 516 2824 decantari
539 2757 640 2835 solita,
662 2755 702 2819 de
726 2778 787 2843 qua
810 2755 893 2818 infra
915 2767 1041 2841 agetur;
1061 2779 1138 2820 nam
1160 2755 1192 2819 id
1215 2755 1322 2821 solum
1341 2780 1412 2844 spe-

353 2864 484 2928 ctabant
504 2859 702 2935 sacerdotes,
725 2870 760 2921 ut
781 2858 892 2922 laudes
914 2859 1051 2922 deorum
1073 2857 1308 2922 immortalium
1331 2860 1413 2924 cele-

353 2968 539 3040 brarentur,
572 2975 603 3026 et
624 2962 708 3026 hanc
729 2985 828 3026 unam
852 2962 895 3024 ob
918 2985 1047 3026 causam
1075 2961 1221 3026 virorum
1243 2985 1317 3024 curn
1341 2961 1411 3025 illo·
1490 2990 1493 2998 ’

353 3093 427 3133 rum
460 3066 547 3130 cultu
584 3065 734 3129 historica
774 3063 990 3152 qualicunque
1028 3088 1121 3128 causa
1159 3065 1410 3145 conjunctorum

354 3166 477 3236 mentio
506 3169 588 3232 sacta
616 3179 672 3233 est.
722 3169 805 3231 Tota
832 3189 932 3252 porro
959 3166 1039 3230 haec
1065 3191 1154 3231 sacra
1182 3169 1410 3233 Romanorum

354 3275 462 3362 poesis
485 3295 586 3360 quum
608 3283 710 3336 certas
732 3281 928 3357 statutasque
951 3270 1182 3356 comprecandi
1196 3284 1228 3334 et
1239 3271 1409 3336 invocandi

354 3377 487 3441 numina
511 3373 692 3439 contineret
714 3372 885 3450 formulas,
912 3373 1033 3461 quippe
1056 3397 1135 3461 quas
1158 3374 1274 3437 mutari
1297 3375 1410 3462 religio

355 3490 494 3558 vetaret,
516 3477 733 3564 superstitiosa
756 3499 831 3540 cura
855 3500 872 3540 a
894 3475 1116 3541 sacerdotibus
1138 3476 1177 3541 ad
1201 3477 1338 3541 verbum
1361 3503 1410 3543 re-

354 3596 451 3660 tenta,
473 3605 541 3646 non
563 3605 636 3645 eant
657 3578 800 3644 habebat
821 3579 1051 3666 progrediendi
1073 3579 1239 3668 libereque
1261 3606 1295 3645 se
1317 3607 1410 3646 exco-

354 3686 441 3752 lendi
464 3697 495 3748 et
517 3683 703 3748 facultatem
726 3694 757 3747 et
779 3683 1066 3770 opportunitatem,
1088 3707 1150 3771 qua
1165 3683 1245 3770 epici
1258 3685 1409 3749 carminis

354 3790 414 3854 flos
436 3800 472 3852 ut
493 3785 579 3874 apud
603 3785 747 3850 Graecos
768 3808 976 3873 procrescere
998 3797 1116 3875 posset.

356 3957 567 3972 W!

413 4057 439 4129 ⁸)
456 4058 514 4113 Liv.
533 4057 566 4122 ll,
583 4059 625 4115 24).

413 4146 439 4218 ⁹)
458 4147 540 4204 ovid.
558 4147 629 4202 Fast.
647 4146 682 4211 ll,
701 4145 758 4198 195.
