3400 5042
354 704 530 796 Acupedius
561 706 743 790 dicebatur,
782 711 833 774 cui
866 710 1069 800 praecipium
1101 716 1229 779 eratin
1261 739 1334 781 cur·

272 812 375 878 rendo
396 836 519 878 acumen
537 818 646 898 pedum
667 812 768 882 Paull.
789 836 821 899 p.
841 819 870 882 9.
893 814 1015 879 Saliare
1038 839 1107 880 esse
1119 814 1183 881 hoc
1195 818 1333 883 verbum

272 917 452 1004 antiquum,
473 924 506 979 et
526 915 686 1003 proximis
706 914 829 981 ibidem
846 916 960 1002 glossis
972 917 1178 1003 significatur,
1200 931 1232 984 et
1244 920 1332 1008 quod

271 1017 396 1165 optim&
419 1017 601 1165 effiditllcum
624 1017 658 1083 in
680 1016 905 1098 Salisubsules,
926 1030 997 1085 tum
1022 1020 1056 1085 in
1084 1021 1268 1087 Praesulcm
1292 1024 1333 1088 cf.

272 1122 339 1166 no.
399 1148 407 1164 .
467 1123 541 1163 ue.

354 1202 544 1282 slslrurnavit,
566 1226 735 1269 rumorem
758 1204 846 1292 fecit,
869 1205 936 1270 sive
958 1219 1256 1272 commurmuratus
1278 1221 1334 1287 est,

272 1305 362 1394 qimd
384 1305 521 1370 verbum
544 1307 677 1392 quidam
699 1331 717 1371 a
739 1315 851 1372 rumim
872 1307 905 1371 id
927 1319 977 1373 est
996 1320 1087 1394 parte
1114 1312 1249 1395 gutturis
1274 1334 1335 1397 pu·

271 1419 341 1473 tant
360 1407 506 1473 deduci«
553 1407 653 1473 Peull.
675 1409 717 1474 D.
739 1432 771 1497 p.
794 1417 822 1475 9.
846 1411 898 1475 De
919 1409 1077 1476 similibus
1098 1412 1204 1476 verbis
1225 1439 1334 1491 menen,

272 1516 433 1589 rumitant,
465 1516 637 1576 subrumari
661 1511 701 1575 ci.
728 1510 842 1576 Muell.
871 1523 938 1577 not.
961 1513 1082 1576 Saliare
1104 1536 1174 1577 esse
1195 1515 1334 1580 verbum

272 1626 305 1679 et
324 1614 416 1678 locus
437 1612 563 1700 glossae
583 1636 635 1700 ap.
660 1613 761 1678 Paull.
785 1625 816 1677 et
838 1636 902 1676 vox
923 1619 1099 1679 Rementum
1121 1616 1206 1681 Fest.
1223 1640 1255 1703 p.
1271 1623 1334 1684 27⁰

272 1716 376 1782 docet.

356 1822 528 1896 Adeusern,
562 1818 799 1897 adversarium,
831 1817 989 1884 hostem.r
1022 1819 1110 1883 Paul.
1137 1845 1169 1908 p.
1191 1825 1232 1886 25
1259 1821 1333 1909 iq.

272 1928 444 2000 odrorscrn,
465 1927 638 2002 advorsum,
667 1927 836 2001 adversum,
869 1922 912 1986 cl.
935 1933 1002 1990 not.
1024 1921 1137 1986 Muell.
1161 1934 1193 1985 et
1214 1923 1332 2008 Bergk.

274 2025 357 2091 Hall.
379 2025 473 2089 Littz.
496 2025 515 2087 l.
538 2047 564 2088 c.
588 2024 643 2111 qui
665 2023 749 2088 bene
771 2025 943 2110 conjungit
962 2027 1094 2089 Abcrcet
1116 2049 1236 2089 averem
1263 2025 1282 2089 i.
1305 2049 1333 2089 e.

272 2128 402 2192 aberret
422 2125 655 2190 adversarium.

356 2228 509 2293 »dorsuna
530 2228 678 2293 utensilia
700 2229 896 2316 ampliora«
919 2229 1020 2294 Paull.
1042 2254 1075 2316 p.
1096 2234 1146 2293 25.
1199 2228 1332 2293 Muellz

272 2337 418 2397 „Arima
438 2354 495 2395 seu
516 2354 639 2396 aeterna
660 2330 851 2418 simpliciter
872 2337 971 2396 alienu
992 2330 1178 2418 significat«
1223 2332 1332 2394 lmmo

272 2435 341 2522 ipsa
362 2456 449 2499 arma
469 2433 523 2497 illa
546 2439 656 2497 ancilia
678 2433 859 2512 Saliorum,
880 2432 1119 2520 amplissimum
1142 2455 1220 2496 sane
1231 2455 1333 2517 genus

272 2556 439 2603 sacrorum
466 2536 663 2600 utensilium.
728 2535 858 2620 Quodsi
892 2536 932 2598 ad
966 2536 1026 2599 alis
1059 2534 1155 2615 hujus
1182 2558 1333 2599 recensus

272 2638 371 2704 verbs
388 2637 514 2723 optime
524 2634 662 2725 quadret
673 2662 806 2716 aeroma,
830 2650 866 2702 ut
880 2645 1012 2715 antaee,
1031 2644 1153 2716 amosrb,
1170 2644 1334 2713 tintinnire,

272 2753 360 2806 recte
382 2739 558 2826 Bergkium
582 2742 601 2804 l.
624 2763 650 2805 c.
673 2741 846 2820 conjecisse
870 2752 1013 2828 apparet.

355 2843 529 2924 ‚trifaciant
550 2842 710 2907 avolent«
744 2842 843 2906 Paull.
866 2865 898 2929 p.
915 2849 965 2906 26.
1006 2842 1131 2907 Saliare
1153 2840 1333 2906 secundum

273 2944 477 3031 Bergl.l.c.,
499 2964 602 3031 quum
624 2946 815 3030 praesertim
838 2944 880 3008 ad
898 2961 1061 3030 praepetes
1082 2970 1153 3009 ures
1175 2944 1335 3031 pertineat

273 3046 382 3112 autin
404 3047 481 3134 ipsis
502 3047 689 3126 examentis,
710 3055 765 3110 aut
788 3048 819 3110 iu
843 3048 1088 3112 commentariis
1110 3047 1194 3111 Aelii
1214 3044 1333 3110 Cloatii

273 3148 376 3237 Opilii
398 3161 607 3214 memoratas.

356 3256 477 3331 Agonia
503 3253 597 3316 Varr.
620 3253 657 3314 L.
680 3251 717 3315 b.
740 3252 805 3329 Vl,
827 3256 857 3316 3.
879 3275 911 3337 p.
934 3257 993 3316 78:
1025 3253 1090 3315 »lu
1118 3250 1209 3315 libris
1231 3251 1335 3315 Salio-

273 3376 361 3434 rum,
392 3376 535 3442 quorum
562 3374 749 3440 cognomen
777 3360 995 3433 Agonensium,
1027 3351 1162 3417 forsitan
1190 3353 1244 3417 hic
1266 3353 1335 3417 dies

274 3457 323 3538 (ls.
341 3480 370 3522 e.
389 3456 566 3535 Liberalia)
588 3456 663 3521 ideo
685 3455 869 3542 appellatur
889 3455 998 3541 potius
1020 3457 1165 3532 Agonus
1186 3456 1334 3519 Macrob.

274 3561 340 3624 Set.
355 3560 380 3636 l,
389 3566 418 3623 l.
441 3558 641 3622 biberelium
653 3559 721 3622 dies
744 3582 761 3622 a
784 3557 995 3645 pontificibus
1016 3545 1166 3637 Agerium
1187 3557 1335 3622 Martiale

274 3660 463 3749 appellatur.
528 3660 628 3724 Paull.
661 3683 690 3724 v.
712 3665 862 3741 Aguntum
894 3672 926 3724 et
957 3664 1095 3739 Agerius
1127 3681 1161 3746 p.
1184 3662 1232 3724 to.
1259 3681 1335 3722 cum

274 3762 387 3854 Muell.
409 3774 476 3831 not.
521 3760 575 3826 Cf.
597 3762 745 3827 Macrob.
768 3763 833 3827 Sat.
859 3763 888 3840 l,
909 3769 938 3827 9.
983 3761 1081 3826 ovid.
1103 3761 1190 3826 Fast.
1214 3762 1243 3839 l,
1263 3766 1334 3826 318.

275 3886 324 3953 eq.
346 3864 389 3935 cl.
409 3865 504 3950 gloss.
528 3887 574 3952 sq.

357 3957 568 4052 Ambomt'oque
589 3973 813 4044 circumeuntes,
834 3967 1022 4030 catervatim
1046 3964 1146 4030 Paull.
1168 3987 1201 4050 p.
1214 3970 1334 4030 tenor.

276 4064 410 4135 Musti:
434 4072 636 4133 »Ambonium
657 4071 698 4132 ab
721 4073 920 4148 amb-agendo
943 4068 1079 4133 ductum
1101 4077 1177 4134 ests<
1201 4063 1334 4135 etth.

276 4168 395 4257 Bergk.
428 4169 451 4239 l.
473 4192 500 4235 c.
554 4168 606 4234 nd
638 4169 804 4235 Saliorum
836 4169 1063 4236 exsultationes
1095 4168 1234 4233 verbum
1265 4187 1336 4229 esse
