3400 5042
821 530 896 606 12⁰

327 704 640 798 opportunitatibus,
671 705 802 771 mutatis
829 705 965 773 sortasse
992 703 1188 794 quibusdam
1215 703 1391 782 mutandis,

327 807 483 896 repetitae
505 830 574 871 ease
598 806 776 872 videantur.
818 807 905 872 Nam
932 806 1100 895 antiquam
1126 805 1225 870 luisse
1254 827 1391 868 consue·

327 908 473 973 tudinem
501 907 648 974 Suetonii
671 908 744 971 loco
767 907 905 994 legimus
920 914 975 986 ²⁸),
1006 918 1055 983 ut,
1087 905 1141 993 qui
1170 904 1334 969 honorem
1356 905 1391 970 in

326 1008 495 1098 republica
517 1008 654 1097 adeptus
676 1019 775 1085 esset,
797 1007 838 1073 da
860 1006 1040 1088 majoribus
1062 1006 1127 1071 auia
1149 1029 1210 1096 pro
1232 1005 1391 1071 concione

328 1121 542 1182 memorareta
564 1109 707 1175 eundem
729 1130 807 1174 aero
830 1107 934 1196 epulis
957 1106 1175 1173 honorificum
1193 1106 1284 1171 illum
1303 1107 1389 1173 diem

328 1209 509 1276 celebrasse
531 1210 564 1275 in
586 1210 697 1300 aprico
721 1221 784 1288 eat,
806 1232 873 1298 quo
895 1209 1003 1274 nullus
1025 1209 1104 1274 alius
1125 1208 1233 1298 aptior
1254 1208 1389 1275 inveniri

326 1322 458 1399 poterat
478 1310 518 1374 ad
540 1311 671 1377 laudem
694 1311 857 1392 majorum
879 1311 1076 1376 carminibus
1097 1310 1319 1376 convivalibus
1340 1334 1392 1375 ce-

328 1412 530 1478 lebrandam.

412 1515 465 1578 Sic
492 1513 560 1578 laus
586 1514 689 1578 modo
723 1513 976 1578 demortuorum
1003 1538 1020 1578 a
1048 1513 1219 1578 funeribus
1247 1515 1287 1578 ad
1316 1514 1392 1579 alias

329 1614 551 1681 solemnitates
572 1617 724 1680 translata
747 1628 779 1680 et
801 1617 943 1680 carmine
966 1629 996 1681 et
1020 1617 1168 1681 oratione
1195 1640 1257 1704 pro
1279 1618 1391 1681 rostris

328 1718 362 1782 in
384 1717 514 1782 laudem
537 1717 686 1781 omnium
709 1729 839 1782 extensa
862 1731 911 1782 est
930 1721 1104 1798 majorum.
1139 1718 1244 1782 Simili
1266 1718 1392 1783 ratione

328 1820 362 1884 in
389 1817 564 1906 triumphis
591 1819 775 1884 videbimus
802 1820 885 1883 lacta
911 1819 1188 1907 triumphatorum
1216 1819 1392 1907 antiquitus

328 1921 526 1987 carminibus
547 1920 687 1984 militum
710 1921 880 1997 celebrata,
901 1923 941 1987 ab
964 1922 1039 2008 ipsis
1060 1945 1122 2008 pro
1134 1920 1291 1985 concione
1303 1933 1391 1985 extra

328 2023 446 2088 urbam
468 2045 562 2087 more
585 2024 744 2104 majorum
767 2035 948 2088 memorata
964 2029 1019 2102 ²¹),
1052 2023 1193 2110 denique
1219 2023 1327 2086 aeneis
1350 2023 1393 2086 la·

327 2124 473 2214 pideisve
500 2124 617 2187 tabulis
645 2124 797 2188 mandata
825 2148 910 2203 esse,
942 2137 997 2189 aut
1024 2126 1182 2202 versibus,
1212 2136 1269 2187 aut
1295 2146 1391 2211 prosa
1496 2196 1498 2200 ,

329 2226 478 2292 oratione
509 2225 678 2312 descripta.
731 2226 785 2291 Sic
812 2227 928 2290 Atilius
960 2226 1211 2291 Fortunatianus
1238 2249 1256 2290 e
1283 2226 1391 2289 tabula

329 2329 366 2393 1..
388 2328 518 2392 Aemilii
540 2329 666 2414 Regilli,
687 2330 776 2408 cujus
799 2328 929 2393 titulum
952 2329 1049 2393 ctiam
1069 2329 1178 2392 Livius
1200 2349 1297 2414 proso
1320 2351 1387 2392 ora·

327 2430 418 2495 tione
440 2441 577 2506 enarrat,
597 2429 687 2494 hunc
707 2431 834 2517 profert
855 2455 985 2495 versum
1007 2429 1215 2496 Saturniumz

413 2533 475 2598 No.
502 2539 549 2598 18.
592 2536 703 2598 Duello'
723 2559 830 2613 magno
853 2539 1016 2599 dirimendo
1034 2537 1152 2613 re'gibus
1169 2537 1338 2612 subrkendrb
1352 2537 1392 2610 ²²)

375 2797 412 2868 ²⁰)
431 2799 544 2856 Suetou.
561 2800 654 2855 Tiber.
671 2800 714 2855 31.

374 2884 412 2955 ²¹)
430 2887 559 2958 Velleius.
578 2891 681 2944 Patere.
702 2888 722 2950 1,
741 2889 782 2950 to.
798 2889 823 2941 t.

374 2974 412 3045 ²¹)
430 2975 494 3031 Atii.
512 2977 589 3033 Fert.
608 2997 649 3050 ap.
667 2975 778 3032 Putach.
794 2975 872 3030 21179.
891 2976 924 3030 cl'.
942 2976 1066 3038 Liaxt..
1083 2975 1126 3029 52.
1159 2976 1276 3031 Primum
1295 2977 1329 3030 de
1341 2976 1395 3033 hoc

431 3084 510 3119 rerau
529 3065 657 3120 Streuber
674 3085 698 3138 p.
709 3065 753 3127 32,
772 3077 800 3119 ut
817 3064 895 3120 nobis
913 3065 1071 3137 persuadeat
1089 3082 1146 3117 non
1164 3063 1394 3128 mussitantium,

432 3153 526 3208 misere
544 3165 617 3209 errat
635 3153 746 3214 dicens.
782 3153 869 3225 primo
887 3153 943 3222 ejus
970 3152 1041 3225 pade
1059 3150 1202 3207 Bacchium
1228 3150 1310 3206 tertio
1329 3150 1394 3207 Cre-

433 3240 513 3296 ticum
531 3261 679 3315 apparere;
713 3261 774 3294 narn
793 3240 910 3295 duellum
930 3253 958 3294 ut
975 3239 1076 3294 bellum
1095 3239 1255 3309 disyllabum
1274 3260 1394 3313 pronun-

432 3329 491 3383 tiari
509 3350 587 3403 posse
606 3349 685 3384 nemo
704 3349 761 3385 non
786 3330 874 3392 videt,
901 3329 936 3383 ita
959 3340 989 3383 ut
1011 3328 1159 3400 spondeum
1183 3327 1342 3393 habenarum
1367 3341 1394 3384 et

433 3416 478 3489 qui
496 3416 610 3473 dirimen
628 3438 678 3490 pro
702 3418 803 3473 cretico
820 3417 917 3479 habet,
935 3416 970 3479 ia,
989 3416 1091 3470 etiamsi
1109 3428 1246 3489 poetarum
1272 3415 1348 3472 locos
1366 3429 1395 3470 ut

433 3504 515 3560 Ovid.
535 3509 638 3562 Metam
664 3507 684 3569 1,
701 3507 745 3573 at,
766 3505 799 3567 V.
816 3506 877 3558 ³14.
897 3505 933 3558 id.
943 3506 1015 3558 Fast.
1034 3504 1082 3570 Vl,
1100 3503 1142 3557 98
1161 3523 1328 3576 nequaquam
1345 3523 1395 3558 no-

430 3606 521 3655 verat,
548 3605 637 3649 tamen
656 3615 671 3648 e
690 3593 807 3664 Zumptii
826 3593 944 3647 Gramm.
962 3593 1019 3646 Lat.
1037 3587 1062 3662 ξ.
1080 3593 1124 3644 11.
1141 3611 1167 3663 p.
1188 3592 1229 3644 l'.⁷.
1247 3591 1348 3646 discere
1367 3607 1395 3647 et

333 3699 336 3703 ’
431 3693 539 3754 poterat
565 3695 593 3737 et
618 3681 748 3743 debebat.
783 3681 911 3753 syllabam
939 3681 966 3734 di
984 3679 1011 3734 in
1039 3680 1164 3734 dimicare
1190 3680 1299 3734 brevem
1326 3700 1393 3735 asae.

432 3768 541 3823 Deinde
559 3789 624 3825 vero
642 3769 771 3824 Streuber
789 3769 823 3824 de
842 3769 938 3824 tabulis
957 3768 1175 3841 triumphatorum
1194 3788 1273 3838 agens
1291 3769 1393 3842 put-

432 3857 480 3921 41,
499 3878 565 3930 quae
583 3858 654 3931 apud
672 3857 775 3912 Livium
794 3869 822 3913 et
839 3855 906 3911 alios
924 3870 1117 3919 memorantur.
1138 3868 1213 3910 recte
1231 3856 1337 3928 quidem
1355 3857 1395 3926 ju-

435 3945 514 4008 dicat.
532 3965 633 4000 merum
653 3966 709 4001 esse
727 3944 828 4018 ingenii
846 3959 874 4001 et
891 3944 996 4000 arbitrii
1015 3944 1098 3998 lusum
1116 3944 1234 3999 virorum
1244 3945 1394 4008 doctorum.

435 4034 480 4107 qui
503 4054 517 4088 e
541 4053 667 4089 connexu
689 4033 845 4106 scriptorum
872 4032 980 4106 antiqua
1002 4033 1117 4093 carmina
1139 4033 1280 4087 restituere
1304 4034 1395 4088 conati

434 4123 504 4187 sint;
530 4135 641 4177 atvero
659 4121 739 4185 inde,
765 4135 792 4177 et
810 4143 843 4177 ex
862 4141 910 4186 eo,
928 4122 1001 4195 quod
1018 4134 1080 4175 sunt
1096 4121 1245 4178 nonnullae
1264 4121 1394 4192 ejusmodi

435 4210 540 4265 tabulae
558 4230 637 4283 prosa
655 4210 778 4266 oratione
796 4209 964 4284 conscriptae
981 4210 1057 4284 peu,
1074 4210 1117 4272 ³8.
1134 4209 1177 4273 39,
1194 4209 1395 4283 minimeaequi-

435 4310 491 4366 tur,
507 4298 595 4355 nullas
613 4297 723 4356 omnino
742 4297 870 4354 Saturnio
888 4317 999 4355 nurnero
1016 4296 1177 4371 compositas
1195 4298 1283 4355 fuisse.
1310 4298 1395 4369 Quod
