3400 5042
742 666 744 671 Ι
807 553 881 626 173

322 753 361 793 eo
384 729 541 815 conspici,
573 728 662 814 quod
684 751 725 792 ne
753 726 891 792 Catonis
918 741 1067 818 tempore
1095 730 1311 817 opprobrium
1337 733 1378 796 ab

321 855 360 895 eo
384 831 521 895 cesserit.
555 830 655 914 Quod
679 843 843 916 praeterea
867 831 1019 898 rhetorici
1042 832 1203 896 mendacii
1216 831 1378 902 Catonem

321 933 478 998 Krausius
500 935 616 1020 arguit,
638 933 757 996 indicat
778 946 879 1012 certe,
902 958 1001 1020 quam
1024 936 1064 998 sit
1085 934 1196 998 lictum
1219 937 1302 1000 illud
1321 961 1379 1024 op-

319 1036 489 1122 probiurn,
511 1049 546 1100 ut
566 1036 802 1121 praejudicatae
824 1036 993 1100 satisfieret
1013 1037 1201 1102 sententiae.

403 1138 494 1201 Alius
516 1138 632 1224 legitur
653 1137 744 1202 locus
766 1139 850 1224 apud
875 1139 1020 1204 Gellium
1033 1163 1049 1203 e
1062 1137 1196 1204 Catonis
1217 1140 1301 1205 libro
1322 1142 1377 1228 qui

321 1244 491 1328 inscriptus
513 1253 562 1304 est
582 1266 701 1305 carmen
722 1246 759 1305 de
780 1247 910 1304 morellus
932 1241 1168 1328 depromptus:
1209 1243 1377 1307 »Poeticae

320 1345 395 1417 artis
417 1344 526 1408 honos
548 1366 614 1406 non
637 1354 714 1407 erat.
747 1342 781 1407 Si
805 1345 859 1430 qui
882 1344 915 1407 in
937 1365 973 1407 ea
996 1367 1030 1407 re
1054 1343 1217 1422 studebat,
1237 1358 1293 1410 aut
1308 1369 1376 1410 sese

320 1449 360 1511 ad
383 1443 531 1510 convivia
554 1444 751 1532 applicabat,
777 1457 941 1530 grassator
961 1445 1157 1510 vocabatur«
1174 1454 1222 1525 ³²).
1266 1447 1376 1534 Quem

319 1550 429 1613 locum
453 1547 568 1611 eadem
589 1546 718 1613 ratione
737 1570 791 1610 sua
815 1571 892 1611 usus
914 1547 1071 1611 Kreusius
1098 1548 1138 1611 de
1160 1571 1200 1612 eo
1228 1560 1377 1636 tempore

320 1649 477 1736 scriptum
500 1671 568 1712 esse
591 1648 686 1712 nobis
708 1650 906 1734 persuadere
928 1650 1004 1725 vult,
1027 1672 1092 1736 quo
1106 1649 1249 1714 Graecae
1265 1651 1377 1717 literae

319 1754 353 1816 in
374 1752 504 1816 Latium
527 1750 744 1836 migraverint.
787 1754 831 1814 At
853 1751 940 1815 unde
968 1750 1031 1815 hoc
1059 1751 1220 1831 conjiciat,
1252 1753 1377 1840 assequi

320 1862 387 1918 non
409 1876 553 1940 possum.
588 1854 695 1915 lmmo
718 1875 884 1921 connexus
906 1853 989 1917 illius
1011 1854 1121 1940 capitis
1132 1853 1218 1940 apud
1232 1853 1377 1919 Gellium

321 1957 426 2032 docet,
449 1954 575 2040 seipso
599 1953 795 2040 antiquiores
818 1979 927 2019 mores
951 1953 1113 2019 Catonem
1136 1955 1330 2021 describere.

384 2057 591 2142 Conspicitur
607 2067 772 2142 praeterea
790 2080 828 2120 ex
842 2059 989 2143 Hecyrae
1001 2057 1215 2122 Terentianae
1227 2059 1377 2146 prologo,

321 2183 387 2224 non
409 2170 500 2224 tanto
523 2157 556 2222 in
578 2157 706 2221 honore
728 2156 858 2222 habitos
881 2183 951 2222 esse
977 2158 1064 2245 apud
1086 2161 1255 2223 Romanos
1280 2161 1376 2226 ludos

320 2263 480 2339 scenicos,
513 2261 590 2347 quin
614 2283 689 2322 urso
712 2261 761 2323 vel
784 2260 884 2346 pugili
908 2261 939 2323 in
962 2284 1056 2324 scena
1079 2273 1169 2325 actor
1190 2261 1376 2327 fabularum

319 2366 435 2429 cedere
467 2362 633 2427 interdurn
666 2361 814 2425 debuerit
833 2368 882 2440 ³³).
937 2363 1046 2446 Quem
1080 2363 1189 2428 locum
1221 2365 1381 2431 Krausius

320 2466 410 2531 nullo
433 2464 564 2550 negotio
586 2465 629 2527 ita
651 2463 819 2527 absolvere
842 2464 917 2528 satis
940 2463 1048 2541 habet,
1070 2477 1106 2528 ut
1126 2466 1230 2530 dicat:
1252 2467 1378 2553 puden·

320 2568 401 2637 dum
429 2589 497 2630 esse
524 2566 622 2629 etiam
648 2566 765 2634 nostris
793 2565 907 2630 diebus
934 2589 1088 2632 resonare
1116 2567 1205 2655 quod
1233 2571 1376 2634 comicus

320 2670 407 2740 male
434 2669 557 2732 facetus
585 2668 709 2732 dixerit.
758 2671 800 2731 At
827 2668 952 2732 Horatii
985 2669 1125 2733 similem
1151 2670 1261 2735 locum
1287 2671 1376 2752 idem

320 2772 518 2859 probantem
571 2769 699 2833 silentio
748 2757 939 2855 praeterire
973 2772 1117 2857 praefert
1143 2775 1194 2852 ³⁴).
1263 2772 1378 2856 Quid?

319 2874 410 2937 Num
432 2871 529 2936 etiam
553 2871 704 2934 Horatius
732 2870 817 2934 male
844 2871 989 2936 facetus?
1032 2873 1168 2937 Plebem
1194 2873 1377 2938 istiusmodi

319 2977 416 3040 rebus
438 2974 534 3037 etiam
563 2972 745 3059 posteriore
772 2985 923 3060 tempore
951 2972 1142 3040 delectatam
1171 2999 1255 3054 esse,
1287 2977 1376 3063 quasi

320 3101 386 3141 non
410 3076 475 3140 ludi
497 3074 677 3162 gladiatorii
696 3086 728 3138 et
744 3076 864 3139 bestiae
883 3076 1048 3142 docerent.
1082 3078 1147 3142 Sed
1167 3077 1376 3164 inspiciamus

320 3179 509 3244 ulteriorem
531 3179 598 3258 ejus
620 3179 969 3262 argumentationem«
1002 3180 1132 3244 Livium
1149 3181 1376 3246 Andronicum

320 3305 388 3346 non
410 3302 529 3366 magno
552 3279 637 3366 apud
660 3279 809 3366 aequales
830 3279 959 3345 honore
980 3280 1161 3360 floruisse,«
1187 3282 1220 3346 id
1243 3281 1377 3368 quidem

320 3385 426 3448 facere
448 3405 515 3446 non
537 3392 653 3468 potest,
675 3382 753 3468 quin
770 3380 908 3446 Osanno
931 3384 1090 3448 concedat
1103 3388 1153 3462 ⁸⁵).
1186 3385 1314 3448 Tamen
1335 3384 1377 3449 ad

320 3486 531 3550 evertendum
544 3483 688 3548 Terentii
707 3483 814 3548 locum
827 3507 889 3570 pro
902 3498 1093 3569 argumento
1109 3485 1246 3572 profert,
1268 3485 1377 3571 »quod

320 3589 446 3653 Ennius
473 3599 505 3651 et
526 3586 667 3650 Naevius
700 3610 775 3649 cum
809 3587 885 3650 viris
917 3589 1128 3652 nobilissimis
1161 3586 1376 3651 familiaritate

319 3692 418 3773 juncti
442 3689 594 3754 fuerint«
627 3692 670 3753 At
691 3687 732 3753 de
749 3688 875 3754 Naevio
897 3691 994 3776 plane
1017 3688 1218 3756 contrarium
1237 3699 1377 3766 constan

365 3973 402 4044 θ’)
422 3974 493 4029 Gell.
511 3975 546 4029 N.
565 3975 596 4028 A.
615 3976 663 4040 xt,
681 3977 705 4038 2,
724 3975 748 4028 ὅ.

364 4061 401 4132 ⁸³)
422 4063 533 4118 Terent·
552 4064 651 4135 Hecyr.
670 4063 739 4137 prol.
758 4084 782 4118 v.
801 4063 825 4117 d.
844 4064 911 4118 alter
928 4065 997 4139 prol.
1014 4064 1058 4132 26,
1075 4064 1117 4117 ³1.
1136 4065 1169 4119 cf.
1189 4062 1284 4117 Osann
1299 4061 1376 4117 Auel.

421 4153 479 4206 crit.
497 4171 522 4223 p·
540 4154 565 4205 2·
583 4171 621 4223 sq·

364 4237 401 4300 ss)
421 4239 490 4294 Hor,
508 4238 576 4311 Epp.
596 4239 632 4304 ll,
651 4240 673 4305 l,
693 4239 749 4294 185.

363 4324 402 4396 ⁸⁵)
421 4327 526 4382 Osann.
545 4327 622 4380 Anal.
641 4327 699 4382 crit·
717 4348 743 4400 p.
761 4327 786 4382 8.
