3400 5042
855 494 911 598 ss

349 700 484 788 augurio
505 711 695 766 rumentum
716 699 809 766 estod
817 719 848 786 3«
883 724 967 790 quae
989 701 1121 790 quidem
1144 701 1248 790 glossa
1268 704 1409 770 demon·

348 815 427 868 strat
447 803 545 868 etiam
568 804 599 867 in
621 804 827 890 auguralibus
847 803 938 869 libris
949 806 1082 870 Saliaria
1098 806 1259 894 quaedam
1276 809 1408 894 auguria

347 907 528 994 perscripta
552 907 666 985 luisse,
688 926 789 994 quum
812 908 1004 994 praesertim
1027 908 1060 972 in
1082 907 1196 993 glossis
1218 909 1344 973 duabus
1363 909 1409 972 le-

347 1021 467 1097 gantur
494 1006 611 1075 verba:
645 1011 677 1073 in
706 1011 849 1073 carmine
877 1008 989 1074 Saliari
1017 1021 1050 1076 et
1071 1010 1214 1096 augurali
1229 1015 1291 1090 ¹⁰⁸).
1335 1010 1408 1074 lloc

346 1111 432 1176 bene
453 1129 620 1200 perpenso
643 1112 697 1199 qui
720 1112 960 1198 comparaverit
980 1112 1079 1192 locos,
1100 1113 1155 1177 ubi
1177 1113 1249 1178 libri
1271 1134 1408 1200 augura·

345 1211 394 1279 les
415 1226 472 1279 aut
492 1212 583 1279 nullo
606 1225 695 1279 certo
717 1226 862 1293 auctore,
884 1225 939 1278 aut
959 1215 1006 1280 M.
1029 1215 1153 1280 Valerii
1174 1214 1333 1281 Messalae
1355 1214 1405 1278 vel

346 1314 445 1404 Appii
461 1314 593 1382 Claudii
610 1315 742 1380 Pulchri
764 1316 898 1380 nomine
919 1321 1021 1382 notati
1037 1316 1233 1382 adhibentur
1245 1323 1308 1397 ¹⁰⁸),
1329 1338 1407 1381 con-

345 1416 440 1483 cedet
461 1439 548 1498 sane,
569 1420 602 1483 in
625 1417 715 1483 libris
736 1419 944 1505 auguralibus
965 1419 1139 1498 Messalae,
1162 1418 1306 1497 Claudii,
1327 1418 1406 1483 alio-

343 1538 419 1586 rum
440 1540 459 1586 a
484 1516 603 1585 Verrio
631 1516 721 1585 lectis
745 1521 832 1585 inter
856 1533 960 1586 cetera
988 1522 1236 1610 augurationum
1264 1521 1407 1586 carmina

344 1624 443 1688 etiam
471 1621 604 1688 Saliaria
634 1620 795 1710 quaedam
821 1623 1002 1711 perscripta
1025 1624 1122 1689 fuisse
1145 1624 1260 1689 eadem
1281 1623 1407 1688 ratione

344 1746 381 1791 ac
403 1724 682 1791 suovetaurilium
703 1725 826 1790 ibidem
849 1749 906 1790 seu
928 1726 1049 1792 fundus
1071 1726 1228 1793 lustrandi
1256 1747 1407 1813 compre-

343 1829 505 1893 catiunem
518 1833 580 1908 ¹⁰⁵).

428 1931 519 2018 Quid
541 1934 666 2018 porro?
687 1931 803 2015 Quum
824 1931 925 1994 semel
949 1931 1059 1996 Aelius
1081 1931 1163 1996 Stilo
1185 1930 1406 2018 antiquissima

343 2030 397 2099 ssla
418 2043 633 2098 monumenta
655 2031 822 2098 literarum
844 2033 1035 2099 Latinarum
1057 2034 1098 2099 ad
1116 2032 1222 2097 lucem
1233 2033 1408 2120 protraxis-

343 2147 405 2214 set,
437 2157 548 2200 nonne
576 2148 832 2201 consentaneum
860 2149 908 2201 est
934 2137 1032 2202 etiam
1054 2135 1235 2200 Veranium
1262 2135 1295 2199 in
1321 2133 1407 2200 libro

338 2245 508 2323 priscarum
530 2258 639 2316 vocum,
661 2239 793 2320 Ateium
815 2236 1025 2326 Philologum
1037 2238 1070 2302 in
1081 2238 1166 2303 libro
1178 2241 1407 2315 Glussernutum,

343 2349 426 2429 quus
447 2339 584 2406 Verrius
606 2336 742 2405 Flaccus
764 2341 892 2419 evolvit,
917 2340 1037 2407 eodem
1058 2339 1162 2406 modo
1183 2351 1220 2404 ut
1242 2337 1407 2419 Cincium,

342 2441 461 2532 quide
483 2440 660 2509 Saliaribus
682 2443 858 2531 virginibus
879 2444 912 2508 in
934 2443 1018 2510 libro
1040 2448 1078 2510 de
1100 2447 1197 2509 verbis
1213 2448 1325 2529 priscas
1345 2463 1405 2512 suu

342 2545 414 2632 egit,
435 2545 520 2610 inter
541 2557 647 2610 cetera
671 2546 770 2610 verba
793 2546 926 2634 antiqua
949 2558 982 2612 et
1002 2547 1149 2612 obsoleta
1162 2545 1260 2611 etiam
1272 2544 1406 2612 saliaria

341 2640 530 2734 explanasse
547 2649 620 2726 ¹⁰‘)?
662 2649 715 2712 An
741 2667 820 2712 vero
853 2648 915 2713 alia
947 2648 1073 2714 ratione
1106 2645 1258 2735 explicari
1288 2657 1406 2736 potest,

341 2744 422 2837 quid
438 2748 488 2827 sit,
510 2746 676 2837 quodiam
688 2745 824 2816 Verrius
837 2749 973 2816 Flaccus
984 2749 1159 2816 sententias
1169 2749 1311 2814 maxime
1321 2748 1408 2813 inter

340 2856 374 2915 se
396 2849 614 2938 discrepantes
635 2853 801 2918 variorum
823 2865 995 2919 auctorum
1018 2853 1059 2918 de
1076 2861 1325 2919 axamentorum
1342 2849 1407 2914 sin.

339 2951 421 3038 gulis
443 2949 551 3017 verbis
572 2953 709 3040 legerit?

372 3136 422 3209 ¹”)
441 3138 549 3195 Glossa:
567 3151 719 3194 rumentum
737 3139 774 3196 sic
793 3138 871 3196 facile
888 3138 1033 3214 suppletur.
1068 3139 1144 3194 Duas
1161 3139 1271 3211 glossas:
1293 3132 1406 3209 S'asopia

396 3294 398 3298 Ι
442 3239 470 3283 et
487 3225 636 3292 Scrinium,
654 3226 728 3282 Fest.
747 3249 773 3301 p.
790 3226 861 3293 280„
882 3227 1008 3283 Ursinius
1024 3227 1097 3282 bene
1114 3227 1153 3282 sic
1169 3225 1294 3282 restituat.

373 3311 421 3384 ¹⁶⁴)
440 3315 483 3370 Cf.
501 3307 612 3372 Minora
629 3313 745 3388 itemque
767 3317 869 3386 majora
892 3315 1007 3389 auspicia
1027 3312 1174 3384 (Messala)
1198 3333 1224 3387 p.
1244 3312 1302 3368 Ml.
1319 3314 1406 3367 Mars-

440 3402 516 3476 pedis
533 3400 682 3474 (Messala)
701 3423 727 3475 p.
744 3403 801 3458 161.
821 3404 935 3460 lnebrae
952 3424 1015 3460 ares
1038 3424 1063 3477 p.
1074 3396 1132 3457 109.
1150 3401 1404 3474 Negumatepddb.

344 3508 347 3515 ’
440 3477 562 3564 Νέζτίὶυ.
580 3510 607 3564 p.
625 3489 683 3544 lm.
704 3487 834 3548 Obstiuet
851 3514 878 3566 p.
895 3491 955 3548 m.
978 3490 1094 3548 Oscines
1113 3490 1198 3564 (App.
1217 3485 1359 3574 Claudius)
1377 3510 1404 3562 p.

441 3579 501 3636 Μ.
523 3581 556 3635 cl.
577 3590 635 3633 not.
654 3577 752 3634 Muell.
770 3578 947 3636 Posimerium
964 3601 991 3654 p.
1008 3579 1069 3634 259.
1089 3601 1127 3652 sq.
1153 3576 1279 3634 Paludati
1299 3599 1326 3650 p.
1343 3579 1402 3632 253.

441 3668 571 3741 Quinque
595 3687 695 3741 genera
720 3667 898 3740 auguriorum.
920 3689 948 3742 p.
965 3668 1024 3723 261.
1053 3667 1175 3723 Sonivio.
1194 3686 1220 3739 p.
1237 3664 1299 3721 UO.
1324 3666 1406 3722 Soui-

343 3768 346 3772 “
439 3753 511 3811 vium
529 3755 683 3829 tripudium.
702 3753 819 3828 (Appius
837 3752 971 3825 Pulcher)
988 3775 1014 3829 p.
1032 3754 1093 3810 291.
1111 3753 1289 3812 Scllistinusn.
1305 3775 1331 3828 p.
1343 3749 1404 3810 Μ.

440 3845 645 3918 Supervagsuea
671 3843 733 3899 aris.
759 3860 786 3916 p.
813 3842 873 3898 305.
908 3842 988 3898 Sarte
1013 3862 1040 3917 p.
1066 3840 1126 3898 im.
1163 3843 1274 3915 Spectic
1295 3861 1323 3914 p.
1342 3842 1403 3898 333.

362 3998 365 4002 ⁴
438 3931 578 4005 Vcisgram
596 3944 679 3987 arem.
698 3948 724 4005 p.
742 3929 802 3986 37⁰.
822 3930 976 3986 Vernisera.
994 3931 1090 4003 p-Mb.
1107 3931 1143 3988 cl.
1161 3929 1257 3986 Muell.
1275 3942 1335 3986 not.

370 4015 418 4088 ¹⁸⁸)
437 4015 478 4075 01.
497 4039 521 4075 v.
531 4028 649 4094 pesestas
661 4035 688 4094 p.
701 4017 762 4074 21⁰.
783 4030 810 4074 et
821 4039 848 4074 v.
857 4017 1009 4092 Marspedis
1023 4040 1049 4093 p.
1065 4014 1124 4075 101.
1141 4037 1203 4075 cusu
1212 4016 1405 4075 Muellsmeu-

437 4106 490 4162 uss.
507 4105 570 4165 lect.

357 4190 417 4263 ⁴¹⁸⁸)
436 4193 582 4252 Veranium
598 4194 678 4251 vids:
696 4215 722 4252 v·
739 4193 829 4261 Mille,
845 4214 872 4268 p.
891 4194 951 4250 les.
988 4194 1109 4266 Ateium:
1136 4214 1162 4252 r.
1183 4194 1283 4250 Ocresn
1300 4213 1326 4268 p.
1344 4193 1403 4250 181.

436 4280 575 4339 Cincium:
593 4303 620 4338 r.
638 4281 723 4339 Salias
740 4281 856 4356 virgine·
874 4301 901 4357 p.
918 4275 978 4338 uto.
