3400 5042
831 495 883 568 33

326 695 459 758 pecora,
491 685 594 737 castra
616 685 665 737 ter
690 673 777 760 piata
804 686 952 738 tueretur
963 676 1019 755 48);
1052 673 1269 762 quamobrem
1296 671 1387 736 idem·

326 787 359 838 et
380 775 492 841 Serler
512 777 669 863 appellari
692 777 710 841 i.
734 801 760 840 e.
784 777 940 841 Servator
966 789 998 840 et
1020 778 1165 842 Prestota
1187 776 1303 842 eadem
1336 798 1385 839 ra-

324 882 413 943 tione
435 878 601 966 perhiberi
624 880 751 944 videtur
773 904 835 966 qua
858 882 958 944 Lares
981 881 1215 961 Praestites⁴⁹).

409 981 538 1068 Quibus
560 1005 635 1046 cum
657 983 808 1068 precibus
828 983 924 1069 plane
952 984 1137 1048 consentire
1164 1006 1296 1047 carmen
1323 981 1386 1045 sra-

325 1095 412 1147 trnm
439 1085 607 1149 Arvalium
637 1085 720 1150 infra
750 1086 843 1150 facile
872 1087 1053 1173 apparebit,
1085 1087 1186 1173 iisque
1214 1084 1384 1172 significari

325 1209 436 1251 veram
457 1188 572 1252 Martis
594 1200 744 1252 naturam
766 1190 944 1254 ostendunt
965 1189 1192 1276 inscriptiones
1214 1187 1385 1277 quaedam,

324 1289 357 1352 in
380 1291 497 1376 quibus
518 1292 608 1355 Mars
631 1291 683 1356 ille
705 1292 896 1378 campestris
919 1304 1131 1356 memoratur.
1166 1291 1257 1376 Quid
1273 1313 1385 1378 porro,

324 1395 413 1482 quod
436 1394 543 1458 eidem
561 1393 681 1458 Silvani
694 1417 891 1480 -cognomen
912 1395 1061 1459 additum
1083 1399 1198 1473 esti⁵⁰)
1220 1394 1386 1482 Significat

324 1497 472 1571 videlicet
493 1496 642 1562 Silvanus
663 1495 744 1560 nihil
766 1496 862 1575 aliud,
883 1520 983 1584 quam
1004 1497 1386 1563 silvamaTiberisostio.

325 1624 427 1688 usque
449 1599 491 1665 ad
512 1600 647 1686 paludes
669 1599 860 1686 Pomptinas
882 1599 962 1663 olim
981 1600 1110 1664 Latium
1131 1612 1297 1687 tegentem
1308 1625 1389 1665 cum·

323 1703 393 1767 altis
432 1703 616 1790 quercubus
653 1703 816 1790 pinisque,
860 1702 1000 1766 dumetis
1032 1702 1236 1790 arbustisque
1268 1703 1385 1782 densis,

323 1805 448 1893 pascuis
469 1804 634 1891 pratisque
657 1804 813 1868 viridibus
834 1803 1064 1891 herbosisque,
1096 1807 1187 1886 cujus
1213 1804 1246 1868 in
1267 1805 1385 1869 umbra

323 1931 359 1972 ac
381 1907 508 1971 silentio
530 1918 562 1971 et
583 1907 682 1993 picus,
703 1907 808 1994 lupus,
834 1930 914 1993 aper
935 1907 1073 1972 solitaria
1095 1906 1220 1972 habent
1240 1920 1385 1995 recepta-

322 2011 407 2088 cula,
440 2021 473 2073 et
503 2021 650 2096 pastores
683 2032 841 2094 pecorum
874 2032 987 2095 greges
1018 2021 1150 2093 agentes
1182 2009 1384 2075 domicilium

323 2136 418 2178 suum
451 2135 519 2177 esse
551 2111 705 2176 sentiunt.
759 2112 990 2197 Quamobrem
1022 2111 1186 2190 Silvanus,
1228 2111 1384 2200 luporum

322 2227 461 2294 exactor,
482 2214 570 2278 idem
586 2226 713 2279 sanctus
726 2225 818 2300 pater
828 2214 861 2276 in
873 2213 1083 2299 inscriptione
1096 2213 1237 2300 quadam
1249 2216 1384 2280 nomine

320 2315 669 2405 pecudileri,lactiferi,
690 2315 874 2401 glandiferi,
896 2315 1060 2401 pomiferi,
1081 2317 1291 2396 cannabileri,
1312 2317 1384 2381 lini-

321 2420 380 2484 leri
392 2418 585 2504 indigetatur
597 2422 652 2498 ⁵¹),
664 2431 761 2505 atque
774 2418 842 2482 aliis
854 2418 888 2482 in
901 2418 1063 2505 lapidibus
1076 2419 1161 2482 inter
1171 2419 1261 2505 ipsos
1273 2421 1383 2498 Lares,

319 2521 456 2589 rusticos
467 2543 587 2608 nempe
598 2519 670 2584 illos
681 2533 861 2607 pastorum,
881 2532 1093 2594 memoratur,
1114 2521 1189 2606 quia
1205 2521 1239 2584 in
1251 2521 1385 2586 saltibus

320 2626 666 2712 gramineis'pastores
694 2624 818 2688 habent
844 2625 956 2688 locum
986 2623 1119 2687 Larium
1147 2636 1182 2687 ut
1207 2624 1250 2689 ita
1277 2625 1383 2690 dicam

353 2891 390 2962 ⁴⁸)
426 2891 518 2945 Verba
536 2874 660 2946 TabVl.
676 2913 698 2946 a.
716 2892 751 2946 3⁰
772 2912 882 2957 narsmo,
900 2893 982 2956 reiro,
1000 2911 1098 2965 pauno,
1117 2904 1205 2947 castra
1224 2894 1258 2948 fri
1276 2893 1383 2966 pibatu«

422 2993 450 3035 et
467 2980 565 3036 ibidem
585 3021 590 3033 .
610 3019 616 3033 .
636 3019 642 3033 .
660 2982 694 3035 32
715 3001 828 3045 racemo,
846 2981 933 3045 reiro,
951 3002 1056 3054 pequo‚
1076 2994 1180 3035 castruo
1198 2983 1233 3035 sri
1251 2983 1324 3036 salva
1342 3003 1384 3037 se-

420 3068 487 3124 ritu·¹
508 3069 581 3124 hune
599 3068 628 3122 ni
646 3069 726 3123 sallor
740 3072 872 3142 praebent
886 3090 1000 3125 sensum.
1017 3068 1103 3123 Lauzi
1114 3091 1182 3142 sagg.
1191 3092 1218 3143 p.
1228 3071 1279 3125 753
1288 3083 1316 3125 et
1325 3072 1384 3126 755.

363 3155 402 3227 ⁴⁹)
425 3157 581 3231 Appellatio
600 3157 643 3212 dei
660 3160 691 3211 in
709 3158 776 3212 Tab.
795 3158 855 3212 Vll.
874 3159 1005 3214 a.1.15:
1039 3158 1180 3213 »Prestota
1202 3158 1272 3214 Serti
1291 3159 1383 3214 Serl'er

388 3257 392 3264 '
421 3247 550 3302 marcier«
570 3246 642 3300 hunc
659 3247 787 3319 praebere
807 3268 913 3302 sensum
931 3246 1045 3303 ridetur.

364 3333 400 3402 ⁶⁰)
418 3333 487 3390 Cato
505 3336 537 3389 R.
555 3337 588 3388 R.
607 3334 649 3388 83.
685 3337 801 3390 Martem
819 3336 958 3390 Silvanum
974 3335 1101 3408 appellat.
1137 3334 1180 3388 De
1198 3337 1289 3389 Marte
1308 3333 1384 3389 Cam-

418 3423 502 3496 pestri
511 3424 544 3478 ef.
555 3422 643 3478 Orelli
653 3421 734 3495 Corp.
748 3425 831 3478 lnscr.
842 3425 894 3479 No.
905 3425 982 3491 1355,
999 3421 1077 3476 3496.
1095 3422 1150 3476 Hic
1159 3435 1249 3476 tamen
1259 3421 1382 3478 Clausen.

420 3534 445 3585 p.
463 3512 498 3565 db
515 3523 728 3582 argumentatur:
764 3526 936 3586 campestrem
963 3512 1041 3565 deum
1067 3511 1158 3565 vocari
1180 3531 1196 3563 a
1218 3530 1311 3584 campo
1338 3512 1382 3565 ubi

420 3621 509 3672 pugna
527 3600 721 3668 committatur,
749 3601 822 3672 quod
839 3621 892 3654 una
908 3620 967 3656 cum
985 3600 1119 3667 Minerva,
1139 3597 1267 3662 Hercule,
1284 3599 1383 3671 Epona

420 3699 586 3743 memoratur.
627 3688 711 3758 Quasi
732 3709 797 3743 vero
819 3708 877 3742 non
901 3689 1028 3743 Minerva
1049 3687 1194 3759 agrestibus
1216 3685 1382 3758 praefuisset·

420 3777 559 3850 operibus,
576 3777 797 3848 nequeHerculis
815 3795 915 3830 numen
934 3776 967 3829 ad
985 3776 1070 3830 solem
1089 3787 1224 3830 etannum
1241 3787 1374 3848 spectaret

417 3865 462 3918 An
478 3885 546 3921 vero
562 3864 636 3929 latet,
654 3865 789 3937 quomodo
811 3884 940 3937 equorum
961 3884 1050 3936 greges
1073 3864 1103 3917 in
1123 3863 1220 3935 campis
1243 3860 1383 3934 gramineis

420 3966 545 4024 rogantes
564 3973 708 4026 eorumque
731 3954 782 4008 dea
799 3954 897 4026 Epona
914 3972 974 4007 cum
996 3950 1092 4019 agresti
1109 3951 1200 4006 Marte
1222 3949 1383 4005 cohaereat?

419 4041 520 4097 Atvero
539 4041 695 4098 Clausenius
718 4041 759 4096 bis
784 4042 907 4096 omnibus
930 4040 960 4093 in
983 4039 1062 4095 rebus
1083 4038 1277 4111 praejudicatae
1298 4037 1383 4092 inser-

382 4145 384 4149 ’
419 4130 494 4184 viens
513 4129 638 4203 opinioni
655 4130 720 4185 salse
738 4142 943 4202 argumentatur.

362 4213 399 4285 υ)
422 4216 557 4290 Luporum
582 4230 692 4273 exactor
715 4217 813 4274 dieitur
835 4237 876 4290 ap.
896 4217 969 4272 Non.
988 4216 1023 4280 ΙΙ,
1039 4235 1066 4286 p.
1085 4214 1143 4268 11⁰.
1169 4213 1266 4269 Lucilii
1288 4231 1382 4277 reram

420 4317 510 4362 cetera
526 4305 687 4380 cognomina
704 4325 745 4379 ap.
765 4304 854 4362 Orell.
874 4301 957 4378 Gorp.
976 4302 1059 4360 laser.
1077 4301 1130 4358 No.
1147 4300 1222 4437 iam
