3400 5042
798 519 872 593 116

306 724 418 766 nonne
445 699 511 764 hoc
539 722 613 763 curn
642 704 955 784 circumpotatzbnibus
986 701 1166 765 arctissime
1192 700 1369 766 cohaerere

307 803 431 869 elucet?
461 803 581 866 Nonne
603 801 799 888 putabimus,
821 814 855 865 ut
878 803 962 889 apud
987 826 1047 866 nos
1069 803 1168 868 hodie
1189 803 1258 867 fieri
1276 804 1369 881 solet,

307 906 352 970 sic
379 906 477 970 etiam
504 906 690 982 Romanos,
721 917 821 990 prout
843 905 986 968 biberint
1013 905 1182 993 deinceps,
1215 907 1256 970 ita
1279 905 1369 969 dein-

307 1030 384 1096 ceps
408 1009 562 1073 cecinisse
585 1007 618 1070 in
640 1007 796 1074 conviviis
817 1006 899 1072 illis?
929 1006 1020 1072 Nihil
1032 1009 1121 1072 enim
1132 1008 1219 1072 aliud
1231 1008 1370 1072 circum·

306 1111 431 1199 potatio
453 1108 631 1196 significare
653 1121 770 1196 potest.

389 1211 518 1298 Quodsi
540 1213 663 1299 optime
686 1211 886 1275 Niebuhrius
909 1211 1044 1275 sensisse
1072 1212 1199 1277 videtur
1225 1212 1367 1276 carmina

306 1315 485 1381 convivalia
507 1313 559 1378 illa
582 1314 666 1400 ipsas
688 1313 787 1378 fuisse
815 1313 946 1378 naenias
972 1313 1124 1378 funerum
1146 1315 1199 1378 die
1220 1314 1367 1401 primum

305 1416 527 1483 inhonorem
561 1417 682 1480 mortui
715 1427 869 1494 cantatas,
906 1428 1016 1480 tamen
1049 1418 1138 1480 nullo
1171 1416 1273 1480 modo
1306 1415 1367 1480 sibi

306 1531 440 1597 constat,
461 1519 550 1606 quod
574 1543 591 1582 e
613 1530 708 1583 cantu
730 1541 748 1582 a
771 1518 915 1582 convivis
938 1518 1091 1606 deinceps
1111 1519 1259 1582 instituto
1275 1541 1369 1604 argu-

304 1633 479 1697 mentatur,
501 1619 624 1684 nemini
646 1618 727 1685 haec
749 1621 872 1685 cantica
894 1621 1003 1706 ignota
1024 1620 1192 1684 fuissecivi
1205 1622 1368 1696 Romano,

305 1726 414 1812 itaque
430 1724 528 1787 alium
542 1722 640 1786 alium
653 1720 815 1808 excepisse
827 1725 859 1785 in
872 1746 1020 1786 connexu
1033 1722 1196 1787 carminis.
1219 1723 1367 1785 Primum

306 1829 394 1893 enim
415 1823 470 1889 hic
487 1824 605 1888 modus
621 1825 757 1888 canendi
780 1809 819 1882 ἐκ
830 1808 996 1902 διαδοχῆς
1016 1823 1258 1912 rhapsodorum
1275 1822 1369 1886 disci-

305 1929 430 2017 plinam
464 1927 641 2004 desiderat,
680 1948 822 2013 quorum
844 1949 886 1989 ne
910 1926 1077 2012 vestigium
1111 1927 1244 2016 quidem
1277 1928 1365 2012 apud

306 2031 476 2096 Romanos
497 2027 595 2092 fuisse
617 2028 699 2092 infra
721 2027 919 2104 videbimus,
950 2040 982 2091 at
1004 2029 1045 2092 de
1068 2028 1141 2092 viris
1168 2030 1251 2092 inter
1276 2052 1367 2092 arma

305 2133 514 2217 forensisque
536 2129 640 2194 studia
663 2131 906 2194 senescentibus
929 2130 1019 2193 nullo
1032 2130 1238 2195 modostatui
1250 2142 1368 2218 potest.

305 2233 434 2299 Deinde
457 2234 555 2319 ipsius
576 2231 710 2296 naeniae
733 2232 825 2308 ratio,
847 2254 945 2319 quam
969 2233 1058 2296 brevi
1080 2233 1253 2319 complecti
1275 2233 1368 2297 unius

305 2336 1369 2422 muhdammwmmmnmbvum,miffimsmmmm

305 2439 507 2504 sententiam.
553 2439 721 2500 Postremo
745 2458 847 2522 quum
871 2436 961 2499 omni
983 2449 1132 2524 tempore
1146 2438 1314 2501 Romanos
1326 2437 1367 2501 ad

305 2537 1369 2626 hmmwfflmnmfflmmwmmffimfflmwmwb

305 2643 457 2719 titudine,
490 2664 588 2728 quam
611 2640 748 2728 legimus
774 2640 863 2727 apud
893 2641 1037 2705 Gellium
1055 2647 1112 2723 ¹²),
1143 2642 1254 2729 legum
1279 2642 1368 2708 hunc

305 2743 528 2810 coercentium
551 2744 784 2828 conspiciatur,
806 2765 974 2829 quumque
997 2744 1276 2810 commissationes
1298 2769 1367 2810 non

304 2846 508 2921 tollerentur,
530 2857 565 2908 ut
587 2844 704 2908 Cicero
727 2845 771 2909 ait
788 2850 835 2921 ¹³),
863 2844 923 2908 nisi
946 2844 1090 2922 fuissent,
1112 2847 1143 2909 id
1166 2847 1255 2934 quod
1278 2871 1369 2912 com·

304 2947 462 3036 probatur
482 2946 532 3010 vel
557 2946 637 3010 Livii
661 2947 845 3010 narratione
868 2947 909 3010 de
931 2948 1186 3034 Tarquiniorum
1209 2950 1368 3036 intempe-

304 3050 392 3116 stivis
404 3048 568 3124 conviviis,
589 3049 686 3111 etiam
700 3052 731 3110 in
747 3049 939 3111 funebribus
951 3049 1107 3113 conviviis
1119 3064 1184 3114 tarn
1197 3052 1367 3138 copiosam

303 3153 402 3218 fuisse
424 3151 488 3215 vini
513 3151 544 3213 in
569 3151 688 3214 mortui
713 3150 876 3214 honorem
899 3150 1004 3214 hausti
1027 3152 1197 3239 potionem
1219 3154 1368 3218 credide·

303 3255 378 3332 rim,
399 3266 443 3330 ut,
465 3253 563 3317 motis
584 3253 775 3340 praesertim
798 3252 1006 3340 excitatisque
1028 3254 1144 3318 dolore
1166 3256 1291 3334 animis,
1315 3256 1367 3321 vix

304 3356 459 3422 convivae
487 3355 673 3442 longiorum
700 3355 884 3419 carminum
911 3379 1096 3420 connexum
1123 3369 1271 3422 accurate
1298 3381 1367 3424 me·

303 3459 409 3524 moria
431 3470 542 3521 tenere
564 3469 705 3544 possent.

388 3560 477 3646 Quid
502 3561 595 3646 igitur
617 3560 658 3624 de
685 3559 822 3624 canendi
851 3559 907 3623 illo
936 3559 1038 3624 modo
1064 3560 1264 3625 censendum
1291 3562 1367 3631 est?

305 3663 406 3749 Quod
430 3663 525 3725 insito
548 3662 579 3724 in
602 3661 791 3726 hominibus
814 3663 862 3726 sui
884 3686 997 3725 amore
1019 3661 1089 3725 fieri
1112 3664 1210 3742 solet,
1241 3677 1276 3728 ut
1297 3665 1367 3752 poti

303 3765 345 3829 de
367 3789 401 3829 se
422 3764 629 3852 potissimum
651 3765 847 3842 glorientur,
877 3786 1076 3851 suarumque
1097 3788 1209 3829 rerum
1230 3768 1368 3832 existent

302 3866 496 3943 laudatores,
517 3865 604 3929 idem
627 3867 713 3952 apud
736 3868 1044 3954 priscosllomanos
1067 3866 1205 3932 valuisse
1216 3869 1366 3934 arbitror.

303 3970 433 4057 Hospes
454 3969 557 4056 igitur,
580 3967 635 4056 qui
657 3969 697 4033 ad
721 3969 856 4056 epulum
877 3971 1015 4034 funebre
1031 3969 1167 4056 gentiles
1178 3969 1366 4058 amicosque

347 4202 384 4278 ¹¹)
404 4207 508 4264 Gellius
526 4206 561 4262 N.
579 4207 612 4272 A,
630 4207 664 4272 ll,
681 4206 724 4264 24

342 4291 384 4366 ²⁸)
403 4293 459 4354 Cic.
476 4295 511 4354 ds
529 4295 585 4369 Lag
610 4294 629 4352 l.
647 4317 670 4354 c.
