3400 5042
829 505 880 577 39

329 681 557 773 vere-ineunte
578 677 786 767 potissimum
808 679 841 744 in
868 679 1018 746 animalia
1040 692 1072 746 et
1092 680 1244 747 homines
1264 681 1390 746 irruen-

327 795 375 848 tes
397 807 415 849 a
438 782 546 847 Vedio
567 780 622 846 illo
644 779 711 845 sive
733 780 865 846 Februo
887 781 977 846 missi
995 781 1219 863 credebantur,
1240 783 1308 849 lieri
1321 808 1389 849 non

327 885 447 973 potuit,
489 883 568 974 quin
599 896 671 949 tum
703 883 845 949 maxime
877 884 1166 971 supplicationibus
1198 886 1388 973 placaretur.

327 989 374 1053 Ut
399 985 497 1072 igitur
523 984 710 1051 Larundam
738 985 805 1050 sive
832 985 979 1052 Maniam
1006 985 1139 1052 Larium
1171 987 1387 1076 Maniumque

326 1089 456 1157 tacitam
487 1099 628 1154 matrem
656 1099 689 1153 et
714 1087 802 1175 ipsos
834 1088 952 1153 Manes
984 1086 1035 1152 vel
1067 1089 1208 1154 Manuos
1240 1090 1387 1155 versibus

326 1189 502 1259 Saliaribus
524 1189 704 1278 appellatos
726 1190 844 1254 scimus
861 1196 914 1269 ⁷⁰),
941 1202 1197 1256 consentaneum
1219 1204 1269 1257 est
1289 1191 1388 1257 etiam

329 1293 425 1361 Vedii
445 1316 569 1359 nomen
590 1293 632 1357 ab
653 1291 770 1357 iisdem
791 1315 859 1358 non
885 1292 1041 1372 abluisse,
1073 1294 1195 1382 quippe
1217 1293 1272 1382 qui
1294 1295 1388 1360 Man·

327 1407 378 1462 tus
398 1395 591 1484 indigetatus
614 1395 733 1460 eodem
759 1394 862 1459 modo
889 1394 1039 1460 Manium
1062 1408 1213 1484 paterae
1234 1396 1388 1484 princeps

327 1509 362 1589 ut
382 1497 513 1586 Jupiter
535 1497 719 1563 Geniorum
748 1510 780 1562 et
808 1500 956 1563 Deorum
979 1497 1077 1562 luisse
1099 1498 1256 1563 videatur.
1299 1499 1387 1564 Nam

326 1600 390 1667 boc
411 1599 582 1688 pestiferas
604 1599 732 1686 sagittas
755 1624 812 1665 seu
834 1601 971 1666 fulmina
992 1601 1150 1681 jaculante
1161 1600 1294 1687 plurimi
1305 1601 1388 1666 frunt

327 1702 449 1769 vernali
481 1714 630 1790 tempore
663 1701 792 1768 Maniae
824 1704 931 1782 liberi,
976 1714 1009 1767 et
1041 1702 1114 1767 nive
1147 1703 1313 1792 glacieque
1345 1703 1387 1768 de

326 1804 459 1871 tumulis
481 1804 712 1870 defunctorum
735 1805 898 1884 dissoluta,
919 1805 1106 1895 superstites
1128 1805 1292 1871 visitantes
1313 1805 1387 1872 illos

324 1929 460 1977 suorum
480 1919 641 1973 renovant
661 1908 866 1973 memoriam.

408 2008 518 2075 ldibus
529 2009 649 2076 deinde
660 2011 803 2075 notanda
815 2022 891 2076 sunt
900 2011 1386 2099 sacraAnnaePerennae‚quae

325 2135 446 2178 annum
463 2111 571 2199 ipsum
581 2112 763 2200 significans
774 2113 871 2179 lunae
883 2113 1007 2179 vicibus
1017 2112 1215 2192 consectum,
1235 2137 1316 2179 anus
1327 2112 1387 2178 fin·

324 2217 410 2305 gitur
419 2215 567 2298 juvenilis
574 2215 688 2281 Martis
699 2215 863 2302 amplexui
875 2240 909 2281 se
921 2216 1077 2294 offerens,
1085 2217 1158 2304 quia
1166 2216 1386 2281 annusabieus

324 2317 462 2389 delicere
473 2341 510 2384 ac
520 2341 698 2397 senescere,
719 2321 851 2391 veniens
863 2319 1060 2385 revirescere
1071 2330 1169 2408 atque
1180 2318 1386 2385 efflorescere

324 2419 407 2486 veris
424 2420 511 2487 vitali
523 2445 600 2515 aura
612 2421 861 2511 quodammodo
873 2421 1001 2487 videtur
1016 2424 1070 2507 71).
1099 2421 1331 2508 Quamobrem
1342 2422 1384 2487 ab

324 2547 361 2591 ea
371 2524 591 2612 precabantur
601 2524 762 2604 homines,
768 2536 805 2590 ut
814 2548 935 2591 annare
946 2547 1194 2612 perennareque
1206 2523 1384 2588 commode

322 2626 441 2706 liceret,
461 2649 544 2692 neve
561 2651 710 2692 annonae
727 2627 843 2693 caritas
856 2628 948 2693 lieret
959 2627 1031 2692 ulla.
1067 2629 1158 2692 lnter
1167 2627 1292 2714 puellas
1304 2651 1383 2692 vero

323 2730 504 2795 obscoenos
519 2729 696 2797 versiculos
714 2754 755 2796 eo
774 2729 826 2794 die
841 2729 1016 2795 fundentes
1032 2730 1162 2797 saliares
1172 2729 1382 2817 potissimum

322 2856 405 2923 quae
416 2844 645 2899 memorantur
655 2833 794 2920 virgines
809 2832 1021 2898 conductitias
1032 2832 1097 2897 hoc
1108 2855 1246 2897 munere
1257 2832 1384 2898 functas

247 2971 257 2985 x
299 2961 403 3017 esse,
424 2935 517 3001 facile
538 2936 729 3016 conjecerim
763 2959 842 3023 quas
865 2935 1000 3023 quidem
1022 2935 1134 3000 Aelius
1150 2935 1232 3000 Stilo
1255 2936 1385 3024 scripsit

320 3039 513 3107 sacrificium
533 3039 640 3104 lacere
662 3038 696 3103 in
717 3037 819 3125 Regia
841 3062 917 3102 cum
938 3037 1095 3103 Pontifice
1115 3036 1283 3124 paludatas
1305 3065 1381 3106 cum

320 3142 466 3232 apicibus
486 3142 519 3206 in
541 3141 680 3206 modum
702 3140 866 3205 Saliorum
883 3143 936 3221 ⁷²).

403 3247 594 3334 Sequuntur
615 3243 774 3309 Liberalia
796 3268 823 3308 a.
836 3243 868 3308 d.
880 3245 969 3308 XVl.
983 3242 1053 3309 Cal.
1069 3245 1189 3332 Aprilis
1209 3246 1381 3313 celebrata.

321 3350 421 3416 Liber
451 3348 540 3436 apud
572 3347 713 3412 Sabinos
745 3350 911 3412 Loebasius
942 3370 999 3411 seu
1030 3352 1172 3412 Lr'bosircs
1204 3361 1337 3416 vocatus
1363 3376 1381 3416 a

319 3457 438 3518 libando
466 3462 503 3514 ut
530 3450 673 3528 videtur,
714 3450 768 3538 qui
801 3473 864 3536 pro
896 3462 1037 3538 quatuor
1067 3451 1143 3515 anni
1174 3453 1382 3540 temporibus

319 3554 450 3644 puerili,
469 3552 614 3635 juvenili,
635 3552 733 3632 virili,
754 3553 844 3618 senili
867 3552 973 3640 effigie
994 3553 1184 3641 lingebatur,
1205 3567 1239 3623 et
1258 3557 1381 3645 ubique

421 3845 480 3899 Etr.
500 3844 535 3912 ll,
551 3863 577 3916 p.
594 3843 637 3898 99.
673 3843 716 3898 De
734 3841 906 3900 similitudine
930 3845 975 3900 dei
992 3865 1051 3901 cum
1069 3845 1197 3920 Apolline
1216 3859 1244 3902 et
1261 3846 1379 3902 Plutone

423 3932 495 3988 Gell.
515 3932 593 3988 Noct.
612 3933 668 3987 litt.
687 3931 722 3996 V,
741 3932 787 3999 la;
813 3933 878 3987 ibid.
896 3934 930 3988 de
947 3935 1087 3990 simulacro
1104 3934 1161 4001 dei,
1179 3935 1253 4007 quod
1271 3933 1379 4009 quidenr

421 4019 524 4076 Plinius
540 4021 577 4075 ΙΙ.
595 4020 630 4074 N.
649 4020 725 4090 xvi,
742 4020 783 4076 79.
801 4020 903 4077 DCLX
920 4043 1007 4080 annos
1022 4024 1127 4081 stetisse
1144 4025 1283 4082 existimat.

366 4123 401 4194 Ἰ)
424 4123 525 4179 Deliis
544 4125 577 4179 cl.
595 4121 709 4180 indicem
727 4125 832 4182 verbor.
852 4125 946 4181 Saliar.
964 4150 990 4181 v.
1007 4147 1126 4183 manuos.

314 4256 316 4261 .
364 4212 400 4276 Ἰ)
422 4209 504 4267 Ovid.
521 4212 594 4267 Fast.
611 4213 660 4278 ΙΙΙ,
676 4213 737 4268 523.
755 4235 810 4286 sq.;
828 4216 952 4272 Macrob.
969 4217 1025 4270 Sat.
1042 4215 1065 4280 Ι,
1082 4217 1123 4269 lt.

314 4372 317 4379 Ι
364 4299 402 4370 ⁶)
424 4301 496 4372 Fert.
513 4321 540 4367 n
556 4299 670 4373 Saliares
687 4300 801 4376 virginea
818 4323 845 4377 p.
863 4303 915 4359 379
932 4303 966 4360 cl.
984 4302 1066 4360 indie.
1083 4304 1158 4361 rerb·
1176 4303 1232 4361 sel.
