<?xml version="1.0" encoding="UTF-8"?>
<!DOCTYPE html PUBLIC "-//W3C//DTD XHTML 1.0 Transitional//EN"
    "http://www.w3.org/TR/xhtml1/DTD/xhtml1-transitional.dtd">
<html xmlns="http://www.w3.org/1999/xhtml" xml:lang="en" lang="en">
 <head>
  <title>
</title>
<meta http-equiv="Content-Type" content="text/html;charset=utf-8" />
  <meta name='ocr-system' content='tesseract 3.04.00' />
  <meta name='ocr-capabilities' content='ocr_page ocr_carea ocr_par ocr_line ocrx_word'/>
</head>
<body>
  <div class='ocr_page' id='page_1' title='image "./originespoesisr00corsgoog/originespoesisr00corsgoog_0054.png"; bbox 0 0 3400 5042; ppageno 0'>
   <div class='ocr_carea' id='block_1_1' title="bbox 820 494 872 587">
    <p class='ocr_par' dir='ltr' id='par_1_1' title="bbox 820 494 872 587">
     <span class='ocr_line' id='line_1_1' title="bbox 820 494 872 587; baseline 0.038 -2"><span class='ocrx_word' id='word_1_1' title='bbox 820 494 872 587; x_wconf 73' lang='lat' dir='ltr'><strong>il</strong></span> 
     </span>
    </p>
   </div>
   <div class='ocr_carea' id='block_1_2' title="bbox 314 685 1465 3447">
    <p class='ocr_par' dir='ltr' id='par_1_2' title="bbox 319 685 1385 981">
     <span class='ocr_line' id='line_1_2' title="bbox 319 685 1385 755; baseline 0.001 -1"><span class='ocrx_word' id='word_1_2' title='bbox 319 704 389 754; x_wconf 87' lang='lat' dir='ltr'><strong>non</strong></span> <span class='ocrx_word' id='word_1_3' title='bbox 410 704 481 753; x_wconf 76' lang='lat' dir='ltr'><strong>‘esse</strong></span> <span class='ocrx_word' id='word_1_4' title='bbox 502 686 584 752; x_wconf 84' lang='lat' dir='ltr'><strong>haec</strong></span> <span class='ocrx_word' id='word_1_5' title='bbox 604 685 719 752; x_wconf 87' lang='lat' dir='ltr'><strong>ancilia</strong></span> <span class='ocrx_word' id='word_1_6' title='bbox 732 687 897 753; x_wconf 89' lang='lat' dir='ltr'><strong>Saliorum</strong></span> <span class='ocrx_word' id='word_1_7' title='bbox 920 687 1149 753; x_wconf 70' lang='lat' dir='ltr'><strong>exsultantium</strong></span> <span class='ocrx_word' id='word_1_8' title='bbox 1171 688 1249 754; x_wconf 85' lang='lat' dir='ltr'><strong>belli</strong></span> <span class='ocrx_word' id='word_1_9' title='bbox 1266 689 1385 755; x_wconf 80' lang='lat' dir='ltr'><strong>instru-</strong></span> 
     </span>
     <span class='ocr_line' id='line_1_3' title="bbox 321 788 1384 880; baseline 0.001 -25"><span class='ocrx_word' id='word_1_10' title='bbox 321 802 431 855; x_wconf 89' lang='lat' dir='ltr'><strong>menta</strong></span> <span class='ocrx_word' id='word_1_11' title='bbox 459 801 492 854; x_wconf 93' lang='lat' dir='ltr'><strong>et</strong></span> <span class='ocrx_word' id='word_1_12' title='bbox 518 788 622 876; x_wconf 76' lang='lat' dir='ltr'><strong>signa,</strong></span> <span class='ocrx_word' id='word_1_13' title='bbox 644 789 701 853; x_wconf 90' lang='lat' dir='ltr'><strong>sed</strong></span> <span class='ocrx_word' id='word_1_14' title='bbox 735 790 843 876; x_wconf 89' lang='lat' dir='ltr'><strong>potius</strong></span> <span class='ocrx_word' id='word_1_15' title='bbox 872 812 960 857; x_wconf 86' lang='lat' dir='ltr'><strong>sacra</strong></span> <span class='ocrx_word' id='word_1_16' title='bbox 988 790 1136 856; x_wconf 85' lang='lat' dir='ltr'><strong>utensiiia</strong></span> <span class='ocrx_word' id='word_1_17' title='bbox 1165 813 1202 855; x_wconf 87' lang='lat' dir='ltr'><strong>ac</strong></span> <span class='ocrx_word' id='word_1_18' title='bbox 1233 791 1384 880; x_wconf 86' lang='lat' dir='ltr'><strong>symbola</strong></span> 
     </span>
     <span class='ocr_line' id='line_1_4' title="bbox 320 892 1161 981; baseline 0.002 -24"><span class='ocrx_word' id='word_1_19' title='bbox 320 892 465 980; x_wconf 84' lang='lat' dir='ltr'>pelvium</span> <span class='ocrx_word' id='word_1_20' title='bbox 487 903 786 981; x_wconf 77' lang='lat' dir='ltr'><strong>tympanorumque</strong></span> <span class='ocrx_word' id='word_1_21' title='bbox 808 892 909 958; x_wconf 90' lang='lat' dir='ltr'><strong>instar</strong></span> <span class='ocrx_word' id='word_1_22' title='bbox 930 894 1081 958; x_wconf 89' lang='lat' dir='ltr'><strong>habenda</strong></span> <span class='ocrx_word' id='word_1_23' title='bbox 1096 899 1161 973; x_wconf 75' lang='lat' dir='ltr'><strong>”l?</strong></span> 
     </span>
    </p>

    <p class='ocr_par' dir='ltr' id='par_1_3' title="bbox 318 993 1386 1906">
     <span class='ocr_line' id='line_1_5' title="bbox 403 993 1384 1082; baseline 0 -23"><span class='ocrx_word' id='word_1_24' title='bbox 403 993 441 1081; x_wconf 77' lang='lat' dir='ltr'><strong>a)</strong></span> <span class='ocrx_word' id='word_1_25' title='bbox 466 995 562 1058; x_wconf 89' lang='lat' dir='ltr'><strong>Hunc</strong></span> <span class='ocrx_word' id='word_1_26' title='bbox 588 994 686 1081; x_wconf 74' lang='lat' dir='ltr'><strong>igitur</strong></span> <span class='ocrx_word' id='word_1_27' title='bbox 716 996 977 1082; x_wconf 83' lang='lat' dir='ltr'><strong>argumentando</strong></span> <span class='ocrx_word' id='word_1_28' title='bbox 999 997 1164 1062; x_wconf 76' lang='lat' dir='ltr'><strong>consecuti</strong></span> <span class='ocrx_word' id='word_1_29' title='bbox 1186 997 1384 1062; x_wconf 89' lang='lat' dir='ltr'><strong>consistendi</strong></span> 
     </span>
     <span class='ocr_line' id='line_1_6' title="bbox 320 1096 1386 1187; baseline 0 -23"><span class='ocrx_word' id='word_1_30' title='bbox 320 1096 666 1186; x_wconf 85' lang='lat' dir='ltr'><strong>circumspiciendique</strong></span> <span class='ocrx_word' id='word_1_31' title='bbox 688 1098 812 1177; x_wconf 90' lang='lat' dir='ltr'><strong>locum,</strong></span> <span class='ocrx_word' id='word_1_32' title='bbox 845 1109 882 1163; x_wconf 91' lang='lat' dir='ltr'><strong>ut</strong></span> <span class='ocrx_word' id='word_1_33' title='bbox 902 1098 943 1163; x_wconf 89' lang='lat' dir='ltr'><strong>ad</strong></span> <span class='ocrx_word' id='word_1_34' title='bbox 965 1099 1051 1187; x_wconf 85' lang='lat' dir='ltr'><strong>ipsas</strong></span> <span class='ocrx_word' id='word_1_35' title='bbox 1079 1100 1263 1165; x_wconf 88' lang='lat' dir='ltr'><strong>carminum</strong></span> <span class='ocrx_word' id='word_1_36' title='bbox 1285 1099 1386 1165; x_wconf 87' lang='lat' dir='ltr'><strong>Salia-</strong></span> 
     </span>
     <span class='ocr_line' id='line_1_7' title="bbox 319 1200 1385 1290; baseline 0 -24"><span class='ocrx_word' id='word_1_37' title='bbox 319 1201 405 1266; x_wconf 86' lang='lat' dir='ltr'><strong>rium</strong></span> <span class='ocrx_word' id='word_1_38' title='bbox 427 1200 579 1288; x_wconf 86' lang='lat' dir='ltr'><strong>reliquias</strong></span> <span class='ocrx_word' id='word_1_39' title='bbox 601 1200 796 1280; x_wconf 87' lang='lat' dir='ltr'><strong>tractandas,</strong></span> <span class='ocrx_word' id='word_1_40' title='bbox 819 1224 902 1289; x_wconf 92' lang='lat' dir='ltr'><strong>quae</strong></span> <span class='ocrx_word' id='word_1_41' title='bbox 924 1214 972 1267; x_wconf 90' lang='lat' dir='ltr'><strong>est</strong></span> <span class='ocrx_word' id='word_1_42' title='bbox 993 1203 1085 1267; x_wconf 86' lang='lat' dir='ltr'><strong>tertia</strong></span> <span class='ocrx_word' id='word_1_43' title='bbox 1108 1204 1204 1285; x_wconf 88' lang='lat' dir='ltr'><strong>hujus</strong></span> <span class='ocrx_word' id='word_1_44' title='bbox 1216 1225 1385 1290; x_wconf 86' lang='lat' dir='ltr'><strong>commen-</strong></span> 
     </span>
     <span class='ocr_line' id='line_1_8' title="bbox 318 1303 1383 1394; baseline 0 -25"><span class='ocrx_word' id='word_1_45' title='bbox 318 1303 448 1370; x_wconf 87' lang='lat' dir='ltr'><strong>tationis</strong></span> <span class='ocrx_word' id='word_1_46' title='bbox 469 1324 556 1390; x_wconf 87' lang='lat' dir='ltr'><strong>pars,</strong></span> <span class='ocrx_word' id='word_1_47' title='bbox 577 1303 663 1368; x_wconf 85' lang='lat' dir='ltr'><strong>viam</strong></span> <span class='ocrx_word' id='word_1_48' title='bbox 685 1304 781 1370; x_wconf 90' lang='lat' dir='ltr'><strong>nobis</strong></span> <span class='ocrx_word' id='word_1_49' title='bbox 803 1304 1004 1384; x_wconf 89' lang='lat' dir='ltr'><strong>muniamus,</strong></span> <span class='ocrx_word' id='word_1_50' title='bbox 1025 1303 1106 1371; x_wconf 87' lang='lat' dir='ltr'><strong>haec</strong></span> <span class='ocrx_word' id='word_1_51' title='bbox 1121 1315 1263 1394; x_wconf 84' lang='lat' dir='ltr'><strong>quatuor</strong></span> <span class='ocrx_word' id='word_1_52' title='bbox 1279 1306 1383 1393; x_wconf 88' lang='lat' dir='ltr'><strong>capita</strong></span> 
     </span>
     <span class='ocr_line' id='line_1_9' title="bbox 320 1405 1385 1473; baseline 0.001 -2"><span class='ocrx_word' id='word_1_53' title='bbox 320 1405 565 1472; x_wconf 76' lang='lat' dir='ltr'><strong>deliberationis</strong></span> <span class='ocrx_word' id='word_1_54' title='bbox 587 1417 679 1471; x_wconf 88' lang='lat' dir='ltr'><strong>caute</strong></span> <span class='ocrx_word' id='word_1_55' title='bbox 700 1405 860 1471; x_wconf 89' lang='lat' dir='ltr'><strong>firmanda</strong></span> <span class='ocrx_word' id='word_1_56' title='bbox 884 1419 997 1471; x_wconf 88' lang='lat' dir='ltr'><strong>erunt:</strong></span> <span class='ocrx_word' id='word_1_57' title='bbox 1021 1408 1169 1473; x_wconf 86' lang='lat' dir='ltr'><strong>Primum</strong></span> <span class='ocrx_word' id='word_1_58' title='bbox 1190 1407 1310 1473; x_wconf 82' lang='lat' dir='ltr'><strong>modus</strong></span> <span class='ocrx_word' id='word_1_59' title='bbox 1330 1431 1385 1472; x_wconf 88' lang='lat' dir='ltr'><strong>ca·</strong></span> 
     </span>
     <span class='ocr_line' id='line_1_10' title="bbox 321 1508 1384 1606; baseline -0.001 -32"><span class='ocrx_word' id='word_1_60' title='bbox 321 1510 419 1574; x_wconf 85' lang='lat' dir='ltr'><strong>nendi</strong></span> <span class='ocrx_word' id='word_1_61' title='bbox 459 1508 674 1596; x_wconf 77' lang='lat' dir='ltr'><strong>saltandique,</strong></span> <span class='ocrx_word' id='word_1_62' title='bbox 716 1521 786 1572; x_wconf 90' lang='lat' dir='ltr'><strong>turn</strong></span> <span class='ocrx_word' id='word_1_63' title='bbox 823 1508 932 1596; x_wconf 90' lang='lat' dir='ltr'><strong>ipsum</strong></span> <span class='ocrx_word' id='word_1_64' title='bbox 970 1523 1219 1576; x_wconf 81' lang='lat' dir='ltr'><strong>axamentorum</strong></span> <span class='ocrx_word' id='word_1_65' title='bbox 1251 1533 1384 1606; x_wconf 54' lang='lat' dir='ltr'><strong>nomen,</strong></span> 
     </span>
     <span class='ocr_line' id='line_1_11' title="bbox 321 1611 1385 1701; baseline 0.001 -25"><span class='ocrx_word' id='word_1_66' title='bbox 321 1611 439 1676; x_wconf 90' lang='lat' dir='ltr'><strong>deinde</strong></span> <span class='ocrx_word' id='word_1_67' title='bbox 468 1634 504 1675; x_wconf 89' lang='lat' dir='ltr'><strong>ea</strong></span> <span class='ocrx_word' id='word_1_68' title='bbox 533 1612 615 1676; x_wconf 89' lang='lat' dir='ltr'><strong>ratio</strong></span> <span class='ocrx_word' id='word_1_69' title='bbox 637 1634 702 1700; x_wconf 91' lang='lat' dir='ltr'><strong>qua</strong></span> <span class='ocrx_word' id='word_1_70' title='bbox 728 1611 883 1698; x_wconf 89' lang='lat' dir='ltr'><strong>epriscis</strong></span> <span class='ocrx_word' id='word_1_71' title='bbox 905 1614 1113 1679; x_wconf 85' lang='lat' dir='ltr'><strong>sacerdotum</strong></span> <span class='ocrx_word' id='word_1_72' title='bbox 1146 1613 1290 1679; x_wconf 87' lang='lat' dir='ltr'><strong>sacrariis</strong></span> <span class='ocrx_word' id='word_1_73' title='bbox 1323 1635 1385 1701; x_wconf 89' lang='lat' dir='ltr'><strong>per</strong></span> 
     </span>
     <span class='ocr_line' id='line_1_12' title="bbox 322 1713 1384 1804; baseline 0 -25"><span class='ocrx_word' id='word_1_74' title='bbox 322 1716 515 1801; x_wconf 85' lang='lat' dir='ltr'><strong>interpretes</strong></span> <span class='ocrx_word' id='word_1_75' title='bbox 537 1713 577 1779; x_wconf 87' lang='lat' dir='ltr'><strong>ad</strong></span> <span class='ocrx_word' id='word_1_76' title='bbox 600 1737 660 1779; x_wconf 89' lang='lat' dir='ltr'><strong>nos</strong></span> <span class='ocrx_word' id='word_1_77' title='bbox 683 1735 787 1802; x_wconf 88' lang='lat' dir='ltr'><strong>usque</strong></span> <span class='ocrx_word' id='word_1_78' title='bbox 809 1717 1018 1802; x_wconf 84' lang='lat' dir='ltr'><strong>pervenerint</strong></span> <span class='ocrx_word' id='word_1_79' title='bbox 1040 1717 1109 1796; x_wconf 87' lang='lat' dir='ltr'><strong>illa,</strong></span> <span class='ocrx_word' id='word_1_80' title='bbox 1141 1726 1310 1804; x_wconf 87' lang='lat' dir='ltr'><strong>postremo</strong></span> <span class='ocrx_word' id='word_1_81' title='bbox 1333 1736 1384 1779; x_wconf 88' lang='lat' dir='ltr'><strong>ar-</strong></span> 
     </span>
     <span class='ocr_line' id='line_1_13' title="bbox 322 1817 1310 1906; baseline 0.001 -25"><span class='ocrx_word' id='word_1_82' title='bbox 322 1829 476 1905; x_wconf 79' lang='lat' dir='ltr'><strong>gumenta</strong></span> <span class='ocrx_word' id='word_1_83' title='bbox 500 1817 618 1904; x_wconf 89' lang='lat' dir='ltr'><strong>quibus</strong></span> <span class='ocrx_word' id='word_1_84' title='bbox 642 1842 659 1881; x_wconf 89' lang='lat' dir='ltr'><strong>e</strong></span> <span class='ocrx_word' id='word_1_85' title='bbox 682 1819 780 1882; x_wconf 79' lang='lat' dir='ltr'><strong>Festo</strong></span> <span class='ocrx_word' id='word_1_86' title='bbox 802 1818 901 1882; x_wconf 86' lang='lat' dir='ltr'><strong>verba</strong></span> <span class='ocrx_word' id='word_1_87' title='bbox 925 1818 1058 1883; x_wconf 85' lang='lat' dir='ltr'><strong>Saliaria</strong></span> <span class='ocrx_word' id='word_1_88' title='bbox 1081 1819 1150 1883; x_wconf 88' lang='lat' dir='ltr'><strong>erui</strong></span> <span class='ocrx_word' id='word_1_89' title='bbox 1171 1819 1310 1906; x_wconf 75' lang='lat' dir='ltr'><strong>possint.</strong></span> 
     </span>
    </p>

    <p class='ocr_par' dir='ltr' id='par_1_4' title="bbox 314 1919 1465 3447">
     <span class='ocr_line' id='line_1_14' title="bbox 407 1919 1383 2008; baseline 0.003 -26"><span class='ocrx_word' id='word_1_90' title='bbox 407 1919 557 1983; x_wconf 85' lang='lat' dir='ltr'><strong>Primum</strong></span> <span class='ocrx_word' id='word_1_91' title='bbox 585 1921 681 2008; x_wconf 81' lang='lat' dir='ltr'><strong>igitur</strong></span> <span class='ocrx_word' id='word_1_92' title='bbox 706 1920 893 1986; x_wconf 79' lang='lat' dir='ltr'><strong>saltationes</strong></span> <span class='ocrx_word' id='word_1_93' title='bbox 914 1921 1079 1986; x_wconf 85' lang='lat' dir='ltr'><strong>Saliorum</strong></span> <span class='ocrx_word' id='word_1_94' title='bbox 1107 1940 1183 1986; x_wconf 88' lang='lat' dir='ltr'><strong>cum</strong></span> <span class='ocrx_word' id='word_1_95' title='bbox 1203 1919 1383 1986; x_wconf 81' lang='lat' dir='ltr'><strong>Curetibus</strong></span> 
     </span>
     <span class='ocr_line' id='line_1_15' title="bbox 322 2022 1384 2112; baseline 0.001 -24"><span class='ocrx_word' id='word_1_96' title='bbox 322 2022 634 2112; x_wconf 87' lang='lat' dir='ltr'><strong>Corybantibusque</strong></span> <span class='ocrx_word' id='word_1_97' title='bbox 657 2023 842 2111; x_wconf 84' lang='lat' dir='ltr'><strong>saepissime</strong></span> <span class='ocrx_word' id='word_1_98' title='bbox 865 2035 1070 2111; x_wconf 87' lang='lat' dir='ltr'><strong>comparatas</strong></span> <span class='ocrx_word' id='word_1_99' title='bbox 1092 2047 1160 2088; x_wconf 91' lang='lat' dir='ltr'><strong>non</strong></span> <span class='ocrx_word' id='word_1_100' title='bbox 1181 2025 1311 2090; x_wconf 84' lang='lat' dir='ltr'><strong>mimica</strong></span> <span class='ocrx_word' id='word_1_101' title='bbox 1333 2046 1384 2089; x_wconf 85' lang='lat' dir='ltr'><strong>rs-</strong></span> 
     </span>
     <span class='ocr_line' id='line_1_16' title="bbox 320 2126 1381 2204; baseline 0 -13"><span class='ocrx_word' id='word_1_102' title='bbox 320 2127 409 2192; x_wconf 90' lang='lat' dir='ltr'><strong>tione</strong></span> <span class='ocrx_word' id='word_1_103' title='bbox 431 2126 572 2191; x_wconf 90' lang='lat' dir='ltr'><strong>heroum</strong></span> <span class='ocrx_word' id='word_1_104' title='bbox 583 2126 666 2191; x_wconf 85' lang='lat' dir='ltr'><strong>sacta</strong></span> <span class='ocrx_word' id='word_1_105' title='bbox 684 2141 754 2190; x_wconf 86' lang='lat' dir='ltr'><strong>esse</strong></span> <span class='ocrx_word' id='word_1_106' title='bbox 765 2126 920 2204; x_wconf 86' lang='lat' dir='ltr'><strong>imitatas,</strong></span> <span class='ocrx_word' id='word_1_107' title='bbox 941 2126 999 2191; x_wconf 90' lang='lat' dir='ltr'><strong>sed</strong></span> <span class='ocrx_word' id='word_1_108' title='bbox 1011 2126 1147 2191; x_wconf 90' lang='lat' dir='ltr'><strong>omnino</strong></span> <span class='ocrx_word' id='word_1_109' title='bbox 1159 2126 1381 2193; x_wconf 84' lang='lat' dir='ltr'><strong>incitationem</strong></span> 
     </span>
     <span class='ocr_line' id='line_1_17' title="bbox 320 2229 1383 2317; baseline 0.001 -23"><span class='ocrx_word' id='word_1_110' title='bbox 320 2241 515 2317; x_wconf 90' lang='lat' dir='ltr'><strong>motumque</strong></span> <span class='ocrx_word' id='word_1_111' title='bbox 552 2229 782 2294; x_wconf 87' lang='lat' dir='ltr'><strong>tantummodo</strong></span> <span class='ocrx_word' id='word_1_112' title='bbox 822 2229 1031 2294; x_wconf 87' lang='lat' dir='ltr'><strong>sacerdotum</strong></span> <span class='ocrx_word' id='word_1_113' title='bbox 1070 2229 1296 2294; x_wconf 79' lang='lat' dir='ltr'><strong>exsultantium</strong></span> <span class='ocrx_word' id='word_1_114' title='bbox 1327 2254 1383 2295; x_wconf 86' lang='lat' dir='ltr'><strong>ex-</strong></span> 
     </span>
     <span class='ocr_line' id='line_1_18' title="bbox 320 2331 1381 2421; baseline -0.001 -23"><span class='ocrx_word' id='word_1_115' title='bbox 320 2334 490 2421; x_wconf 87' lang='lat' dir='ltr'><strong>pressisse,</strong></span> <span class='ocrx_word' id='word_1_116' title='bbox 523 2356 540 2396; x_wconf 91' lang='lat' dir='ltr'><strong>e</strong></span> <span class='ocrx_word' id='word_1_117' title='bbox 573 2332 619 2396; x_wconf 90' lang='lat' dir='ltr'><strong>rei</strong></span> <span class='ocrx_word' id='word_1_118' title='bbox 653 2332 784 2420; x_wconf 83' lang='lat' dir='ltr'><strong>qualern</strong></span> <span class='ocrx_word' id='word_1_119' title='bbox 816 2331 914 2396; x_wconf 83' lang='lat' dir='ltr'><strong>fuisse</strong></span> <span class='ocrx_word' id='word_1_120' title='bbox 946 2331 1242 2397; x_wconf 83' lang='lat' dir='ltr'><strong>demonstravimus</strong></span> <span class='ocrx_word' id='word_1_121' title='bbox 1267 2341 1381 2397; x_wconf 82' lang='lat' dir='ltr'><strong>natura</strong></span> 
     </span>
     <span class='ocr_line' id='line_1_19' title="bbox 321 2434 1447 2523; baseline 0 -23"><span class='ocrx_word' id='word_1_122' title='bbox 321 2435 415 2502; x_wconf 80' lang='lat' dir='ltr'><strong>facile</strong></span> <span class='ocrx_word' id='word_1_123' title='bbox 447 2434 660 2522; x_wconf 90' lang='lat' dir='ltr'><strong>conspicitur,</strong></span> <span class='ocrx_word' id='word_1_124' title='bbox 697 2458 799 2523; x_wconf 89' lang='lat' dir='ltr'><strong>quum</strong></span> <span class='ocrx_word' id='word_1_125' title='bbox 832 2435 1026 2522; x_wconf 74' lang='lat' dir='ltr'><strong>praesertim</strong></span> <span class='ocrx_word' id='word_1_126' title='bbox 1058 2456 1119 2498; x_wconf 89' lang='lat' dir='ltr'><strong>nec</strong></span> <span class='ocrx_word' id='word_1_127' title='bbox 1151 2434 1220 2499; x_wconf 91' lang='lat' dir='ltr'><strong>ludi</strong></span> <span class='ocrx_word' id='word_1_128' title='bbox 1252 2434 1382 2500; x_wconf 80' lang='lat' dir='ltr'><strong>Etrusci</strong></span> <span class='ocrx_word' id='word_1_129' title='bbox 1439 2444 1447 2453; x_wconf 86' lang='lat'>&#39;</span> 
     </span>
     <span class='ocr_line' id='line_1_20' title="bbox 320 2527 1465 2625; baseline -0.002 -20"><span class='ocrx_word' id='word_1_130' title='bbox 320 2551 429 2606; x_wconf 87' lang='lat' dir='ltr'><strong>essent</strong></span> <span class='ocrx_word' id='word_1_131' title='bbox 448 2537 588 2616; x_wconf 85' lang='lat' dir='ltr'><strong>mimici,</strong></span> <span class='ocrx_word' id='word_1_132' title='bbox 610 2549 642 2603; x_wconf 89' lang='lat' dir='ltr'><strong>et</strong></span> <span class='ocrx_word' id='word_1_133' title='bbox 663 2537 788 2603; x_wconf 82' lang='lat' dir='ltr'><strong>Seneca</strong></span> <span class='ocrx_word' id='word_1_134' title='bbox 809 2537 991 2625; x_wconf 84' lang='lat' dir='ltr'><strong>tripudium</strong></span> <span class='ocrx_word' id='word_1_135' title='bbox 1002 2536 1167 2602; x_wconf 88' lang='lat' dir='ltr'><strong>Saliorum</strong></span> <span class='ocrx_word' id='word_1_136' title='bbox 1188 2556 1265 2602; x_wconf 87' lang='lat' dir='ltr'><strong>cum</strong></span> <span class='ocrx_word' id='word_1_137' title='bbox 1283 2549 1381 2603; x_wconf 74' lang='lat' dir='ltr'><strong>rnatu</strong></span> <span class='ocrx_word' id='word_1_138' title='bbox 1457 2527 1465 2549; x_wconf 51' lang='lat'>⁸</span> 
     </span>
     <span class='ocr_line' id='line_1_21' title="bbox 319 2639 1381 2729; baseline -0.002 -23"><span class='ocrx_word' id='word_1_139' title='bbox 319 2643 484 2707; x_wconf 82' lang='lat' dir='ltr'><strong>¹fullonum</strong></span> <span class='ocrx_word' id='word_1_140' title='bbox 507 2641 561 2729; x_wconf 93' lang='lat' dir='ltr'><strong>qui</strong></span> <span class='ocrx_word' id='word_1_141' title='bbox 581 2639 682 2704; x_wconf 80' lang='lat' dir='ltr'><strong>¹tiebat</strong></span> <span class='ocrx_word' id='word_1_142' title='bbox 709 2641 750 2705; x_wconf 90' lang='lat' dir='ltr'><strong>ad</strong></span> <span class='ocrx_word' id='word_1_143' title='bbox 777 2640 979 2705; x_wconf 85' lang='lat' dir='ltr'><strong>concilianda</strong></span> <span class='ocrx_word' id='word_1_144' title='bbox 1007 2640 1215 2718; x_wconf 85' lang='lat' dir='ltr'><strong>vestimenta,</strong></span> <span class='ocrx_word' id='word_1_145' title='bbox 1244 2641 1381 2705; x_wconf 80' lang='lat' dir='ltr'><strong>sublatis</strong></span> 
     </span>
     <span class='ocr_line' id='line_1_22' title="bbox 319 2742 1381 2832; baseline -0.002 -22"><span class='ocrx_word' id='word_1_146' title='bbox 319 2745 459 2832; x_wconf 89' lang='lat' dir='ltr'><strong>pedibus</strong></span> <span class='ocrx_word' id='word_1_147' title='bbox 481 2756 514 2809; x_wconf 91' lang='lat' dir='ltr'><strong>et</strong></span> <span class='ocrx_word' id='word_1_148' title='bbox 533 2743 713 2808; x_wconf 89' lang='lat' dir='ltr'><strong>identidem</strong></span> <span class='ocrx_word' id='word_1_149' title='bbox 726 2743 970 2820; x_wconf 88' lang='lat' dir='ltr'><strong>alternantibus,</strong></span> <span class='ocrx_word' id='word_1_150' title='bbox 983 2743 1221 2831; x_wconf 81' lang='lat' dir='ltr'><strong>comparaverit</strong></span> <span class='ocrx_word' id='word_1_151' title='bbox 1236 2749 1284 2823; x_wconf 76' lang='lat'><strong>⁹⁰).</strong></span> <span class='ocrx_word' id='word_1_152' title='bbox 1307 2742 1381 2808; x_wconf 74' lang='lat' dir='ltr'><strong>llos</strong></span> 
     </span>
     <span class='ocr_line' id='line_1_23' title="bbox 314 2844 1381 2939; baseline -0.004 -25"><span class='ocrx_word' id='word_1_153' title='bbox 314 2861 413 2914; x_wconf 86' lang='lat' dir='ltr'><strong>motu</strong></span> <span class='ocrx_word' id='word_1_154' title='bbox 435 2868 535 2935; x_wconf 86' lang='lat' dir='ltr'><strong>quern</strong></span> <span class='ocrx_word' id='word_1_155' title='bbox 555 2846 655 2939; x_wconf 84' lang='lat' dir='ltr'><strong>etiam</strong></span> <span class='ocrx_word' id='word_1_156' title='bbox 676 2869 763 2910; x_wconf 91' lang='lat' dir='ltr'><strong>nunc</strong></span> <span class='ocrx_word' id='word_1_157' title='bbox 785 2845 935 2910; x_wconf 88' lang='lat' dir='ltr'><strong>videmus</strong></span> <span class='ocrx_word' id='word_1_158' title='bbox 956 2846 990 2910; x_wconf 92' lang='lat' dir='ltr'><strong>in</strong></span> <span class='ocrx_word' id='word_1_159' title='bbox 1013 2845 1108 2910; x_wconf 86' lang='lat' dir='ltr'><strong>simili</strong></span> <span class='ocrx_word' id='word_1_160' title='bbox 1130 2844 1242 2910; x_wconf 82' lang='lat' dir='ltr'><strong>labore</strong></span> <span class='ocrx_word' id='word_1_161' title='bbox 1264 2844 1307 2910; x_wconf 77' lang='lat' dir='ltr'><strong>ita</strong></span> <span class='ocrx_word' id='word_1_162' title='bbox 1329 2856 1381 2910; x_wconf 91' lang='lat' dir='ltr'><strong>ter</strong></span> 
     </span>
     <span class='ocr_line' id='line_1_24' title="bbox 318 2947 1381 3040; baseline -0.003 -23"><span class='ocrx_word' id='word_1_163' title='bbox 318 2953 509 3040; x_wconf 88' lang='lat' dir='ltr'><strong>repetitum,</strong></span> <span class='ocrx_word' id='word_1_164' title='bbox 541 2961 577 3014; x_wconf 88' lang='lat' dir='ltr'><strong>ut</strong></span> <span class='ocrx_word' id='word_1_165' title='bbox 597 2949 729 3014; x_wconf 84' lang='lat' dir='ltr'><strong>tertium</strong></span> <span class='ocrx_word' id='word_1_166' title='bbox 752 2949 869 3013; x_wconf 85' lang='lat' dir='ltr'><strong>fortius</strong></span> <span class='ocrx_word' id='word_1_167' title='bbox 890 2971 1048 3036; x_wconf 89' lang='lat' dir='ltr'><strong>peccusso</strong></span> <span class='ocrx_word' id='word_1_168' title='bbox 1072 2947 1105 3011; x_wconf 89' lang='lat' dir='ltr'><strong>in</strong></span> <span class='ocrx_word' id='word_1_169' title='bbox 1127 2947 1198 3012; x_wconf 90' lang='lat' dir='ltr'><strong>solo</strong></span> <span class='ocrx_word' id='word_1_170' title='bbox 1220 2948 1301 3012; x_wconf 85' lang='lat' dir='ltr'><strong>alter</strong></span> <span class='ocrx_word' id='word_1_171' title='bbox 1322 2970 1381 3036; x_wconf 92' lang='lat' dir='ltr'><strong>pes</strong></span> 
     </span>
     <span class='ocr_line' id='line_1_25' title="bbox 318 3051 1381 3144; baseline -0.003 -23"><span class='ocrx_word' id='word_1_172' title='bbox 318 3057 520 3144; x_wconf 90' lang='lat' dir='ltr'><strong>aliquantum</strong></span> <span class='ocrx_word' id='word_1_173' title='bbox 532 3053 651 3117; x_wconf 89' lang='lat' dir='ltr'><strong>diutius</strong></span> <span class='ocrx_word' id='word_1_174' title='bbox 672 3063 747 3129; x_wconf 83' lang='lat' dir='ltr'><strong>stet,</strong></span> <span class='ocrx_word' id='word_1_175' title='bbox 768 3051 863 3118; x_wconf 85' lang='lat' dir='ltr'><strong>facile</strong></span> <span class='ocrx_word' id='word_1_176' title='bbox 875 3051 1099 3138; x_wconf 86' lang='lat' dir='ltr'><strong>ellicipoterat</strong></span> <span class='ocrx_word' id='word_1_177' title='bbox 1118 3051 1293 3139; x_wconf 87' lang='lat' dir='ltr'><strong>rhythmus</strong></span> <span class='ocrx_word' id='word_1_178' title='bbox 1302 3072 1381 3118; x_wconf 76' lang='lat' dir='ltr'><strong>ana·</strong></span> 
     </span>
     <span class='ocr_line' id='line_1_26' title="bbox 319 3154 1380 3246; baseline -0.002 -24"><span class='ocrx_word' id='word_1_179' title='bbox 319 3158 478 3246; x_wconf 87' lang='lat' dir='ltr'><strong>paesticus</strong></span> <span class='ocrx_word' id='word_1_180' title='bbox 512 3155 660 3243; x_wconf 87' lang='lat' dir='ltr'><strong>quidam,</strong></span> <span class='ocrx_word' id='word_1_181' title='bbox 703 3176 802 3242; x_wconf 88' lang='lat' dir='ltr'><strong>quem</strong></span> <span class='ocrx_word' id='word_1_182' title='bbox 835 3155 989 3219; x_wconf 90' lang='lat' dir='ltr'><strong>omnibus</strong></span> <span class='ocrx_word' id='word_1_183' title='bbox 1022 3154 1182 3235; x_wconf 84' lang='lat' dir='ltr'><strong>ejusmodi</strong></span> <span class='ocrx_word' id='word_1_184' title='bbox 1211 3155 1380 3241; x_wconf 78' lang='lat' dir='ltr'><strong>exagitatis</strong></span> 
     </span>
     <span class='ocr_line' id='line_1_27' title="bbox 318 3256 1380 3344; baseline -0.003 -18"><span class='ocrx_word' id='word_1_185' title='bbox 318 3261 526 3326; x_wconf 89' lang='lat' dir='ltr'><strong>sacerdotum</strong></span> <span class='ocrx_word' id='word_1_186' title='bbox 548 3256 771 3324; x_wconf 86' lang='lat' dir='ltr'><strong>saltationibus</strong></span> <span class='ocrx_word' id='word_1_187' title='bbox 788 3258 962 3344; x_wconf 90' lang='lat' dir='ltr'><strong>proprium</strong></span> <span class='ocrx_word' id='word_1_188' title='bbox 985 3279 1056 3321; x_wconf 90' lang='lat' dir='ltr'><strong>esse</strong></span> <span class='ocrx_word' id='word_1_189' title='bbox 1075 3257 1205 3322; x_wconf 88' lang='lat' dir='ltr'><strong>scimus.</strong></span> <span class='ocrx_word' id='word_1_190' title='bbox 1245 3258 1380 3342; x_wconf 78' lang='lat' dir='ltr'><strong>Quodsi</strong></span> 
     </span>
     <span class='ocr_line' id='line_1_28' title="bbox 317 3360 1379 3447; baseline -0.003 -18"><span class='ocrx_word' id='word_1_191' title='bbox 317 3388 397 3430; x_wconf 87' lang='lat' dir='ltr'><strong>mox</strong></span> <span class='ocrx_word' id='word_1_192' title='bbox 416 3363 513 3428; x_wconf 91' lang='lat' dir='ltr'><strong>simul</strong></span> <span class='ocrx_word' id='word_1_193' title='bbox 536 3383 668 3441; x_wconf 87' lang='lat' dir='ltr'><strong>omnes,</strong></span> <span class='ocrx_word' id='word_1_194' title='bbox 689 3382 768 3426; x_wconf 88' lang='lat' dir='ltr'><strong>mox</strong></span> <span class='ocrx_word' id='word_1_195' title='bbox 789 3380 851 3447; x_wconf 87' lang='lat' dir='ltr'><strong>per</strong></span> <span class='ocrx_word' id='word_1_196' title='bbox 872 3360 959 3424; x_wconf 86' lang='lat' dir='ltr'><strong>vices</strong></span> <span class='ocrx_word' id='word_1_197' title='bbox 978 3360 1130 3424; x_wconf 82' lang='lat' dir='ltr'><strong>celeriter</strong></span> <span class='ocrx_word' id='word_1_198' title='bbox 1152 3372 1184 3424; x_wconf 89' lang='lat' dir='ltr'><strong>et</strong></span> <span class='ocrx_word' id='word_1_199' title='bbox 1204 3361 1379 3426; x_wconf 61' lang='lat' dir='ltr'><strong>confertim</strong></span> 
     </span>
    </p>
   </div>
   <div class='ocr_carea' id='block_1_3' title="bbox 352 3580 1380 4346">
    <p class='ocr_par' dir='ltr' id='par_1_5' title="bbox 352 3580 1380 3919">
     <span class='ocr_line' id='line_1_29' title="bbox 352 3580 1380 3653; baseline 0.002 -19"><span class='ocrx_word' id='word_1_200' title='bbox 352 3580 389 3650; x_wconf 65' lang='grc'><strong>89)</strong></span> <span class='ocrx_word' id='word_1_201' title='bbox 426 3582 537 3650; x_wconf 87' lang='lat' dir='ltr'><strong>Quanto</strong></span> <span class='ocrx_word' id='word_1_202' title='bbox 554 3599 621 3635; x_wconf 75' lang='lat' dir='ltr'><strong>uero</strong></span> <span class='ocrx_word' id='word_1_203' title='bbox 640 3580 761 3636; x_wconf 87' lang='lat' dir='ltr'><strong>floruerit</strong></span> <span class='ocrx_word' id='word_1_204' title='bbox 778 3582 882 3637; x_wconf 81' lang='lat' dir='ltr'><strong>bonore</strong></span> <span class='ocrx_word' id='word_1_205' title='bbox 893 3581 1025 3636; x_wconf 87' lang='lat' dir='ltr'><strong>Saliorum</strong></span> <span class='ocrx_word' id='word_1_206' title='bbox 1044 3581 1141 3644; x_wconf 79' lang='lat' dir='ltr'><strong>cultos,</strong></span> <span class='ocrx_word' id='word_1_207' title='bbox 1159 3593 1269 3653; x_wconf 84' lang='lat' dir='ltr'><strong>apparet</strong></span> <span class='ocrx_word' id='word_1_208' title='bbox 1285 3581 1329 3636; x_wconf 83' lang='lat' dir='ltr'><strong>vel</strong></span> <span class='ocrx_word' id='word_1_209' title='bbox 1346 3598 1380 3636; x_wconf 83' lang='lat' dir='ltr'><strong>eo</strong></span> 
     </span>
     <span class='ocr_line' id='line_1_30' title="bbox 421 3668 1380 3742; baseline 0.001 -19"><span class='ocrx_word' id='word_1_210' title='bbox 421 3671 493 3742; x_wconf 84' lang='lat' dir='ltr'><strong>quod</strong></span> <span class='ocrx_word' id='word_1_211' title='bbox 515 3669 650 3742; x_wconf 81' lang='lat' dir='ltr'><strong>principes</strong></span> <span class='ocrx_word' id='word_1_212' title='bbox 672 3669 786 3724; x_wconf 85' lang='lat' dir='ltr'><strong>civitatis</strong></span> <span class='ocrx_word' id='word_1_213' title='bbox 811 3683 840 3725; x_wconf 90' lang='lat' dir='ltr'><strong>ut</strong></span> <span class='ocrx_word' id='word_1_214' title='bbox 857 3669 1014 3742; x_wconf 81' lang='lat' dir='ltr'><strong>Scipiones.</strong></span> <span class='ocrx_word' id='word_1_215' title='bbox 1041 3668 1174 3724; x_wconf 78' lang='lat' dir='ltr'><strong>Antonini</strong></span> <span class='ocrx_word' id='word_1_216' title='bbox 1193 3668 1380 3742; x_wconf 81' lang='lat' dir='ltr'><strong>imperatores,</strong></span> 
     </span>
     <span class='ocr_line' id='line_1_31' title="bbox 420 3757 1380 3832; baseline 0.002 -20"><span class='ocrx_word' id='word_1_217' title='bbox 420 3759 486 3831; x_wconf 85' lang='lat' dir='ltr'><strong>quin</strong></span> <span class='ocrx_word' id='word_1_218' title='bbox 504 3758 671 3813; x_wconf 73' lang='lat' dir='ltr'><strong>sacerdotum</strong></span> <span class='ocrx_word' id='word_1_219' title='bbox 689 3757 839 3812; x_wconf 87' lang='lat' dir='ltr'><strong>saltantium</strong></span> <span class='ocrx_word' id='word_1_220' title='bbox 862 3775 972 3813; x_wconf 81' lang='lat' dir='ltr'><strong>munere</strong></span> <span class='ocrx_word' id='word_1_221' title='bbox 995 3760 1184 3830; x_wconf 80' lang='lat' dir='ltr'><strong>fungerentur,</strong></span> <span class='ocrx_word' id='word_1_222' title='bbox 1211 3777 1380 3832; x_wconf 83' lang='lat' dir='ltr'><strong>nequaquam</strong></span> 
     </span>
     <span class='ocr_line' id='line_1_32' title="bbox 419 3829 1264 3919; baseline 0 -20"><span class='ocrx_word' id='word_1_223' title='bbox 419 3846 586 3903; x_wconf 62' lang='lat' dir='ltr'><strong>faunam.</strong></span> <span class='ocrx_word' id='word_1_224' title='bbox 624 3829 667 3900; x_wconf 69' lang='lat' dir='ltr'><strong>cs?</strong></span> <span class='ocrx_word' id='word_1_225' title='bbox 684 3847 738 3900; x_wconf 73' lang='lat' dir='ltr'><strong>sur.</strong></span> <span class='ocrx_word' id='word_1_226' title='bbox 759 3845 904 3918; x_wconf 66' lang='lat' dir='ltr'><strong>capriana.</strong></span> <span class='ocrx_word' id='word_1_227' title='bbox 922 3847 970 3902; x_wconf 72' lang='lat' dir='ltr'><strong>nt.</strong></span> <span class='ocrx_word' id='word_1_228' title='bbox 988 3846 1120 3901; x_wconf 66' lang='lat' dir='ltr'><strong>aaronis.</strong></span> <span class='ocrx_word' id='word_1_229' title='bbox 1138 3846 1264 3919; x_wconf 67' lang='lat' dir='ltr'><strong>pa11.·sr.</strong></span> 
     </span>
    </p>

    <p class='ocr_par' dir='ltr' id='par_1_6' title="bbox 362 3932 1380 4346">
     <span class='ocr_line' id='line_1_33' title="bbox 362 3932 1379 4004; baseline 0.001 -14"><span class='ocrx_word' id='word_1_230' title='bbox 362 3933 398 4004; x_wconf 81' lang='lat'><strong>⁹⁰)</strong></span> <span class='ocrx_word' id='word_1_231' title='bbox 418 3937 523 3990; x_wconf 86' lang='lat' dir='ltr'><strong>Seneca</strong></span> <span class='ocrx_word' id='word_1_232' title='bbox 540 3937 591 4004; x_wconf 87' lang='lat' dir='ltr'><strong>Ep.</strong></span> <span class='ocrx_word' id='word_1_233' title='bbox 610 3935 669 3989; x_wconf 85' lang='lat' dir='ltr'><strong>XV.</strong></span> <span class='ocrx_word' id='word_1_234' title='bbox 696 3934 938 4000; x_wconf 76' lang='lat' dir='ltr'><strong>H01=.carn.1V‚</strong></span> <span class='ocrx_word' id='word_1_235' title='bbox 961 3937 992 3988; x_wconf 94' lang='lat' dir='ltr'><strong>l:</strong></span> <span class='ocrx_word' id='word_1_236' title='bbox 1028 3937 1062 3988; x_wconf 90' lang='lat' dir='ltr'><strong>ln</strong></span> <span class='ocrx_word' id='word_1_237' title='bbox 1084 3953 1184 3989; x_wconf 86' lang='lat' dir='ltr'><strong>morem</strong></span> <span class='ocrx_word' id='word_1_238' title='bbox 1208 3932 1313 3989; x_wconf 87' lang='lat' dir='ltr'><strong>Salium·</strong></span> <span class='ocrx_word' id='word_1_239' title='bbox 1335 3949 1379 3991; x_wconf 89' lang='lat' dir='ltr'><strong>ter</strong></span> 
     </span>
     <span class='ocr_line' id='line_1_34' title="bbox 419 4021 1379 4097; baseline 0 -17"><span class='ocrx_word' id='word_1_240' title='bbox 419 4025 540 4097; x_wconf 86' lang='lat' dir='ltr'><strong>quatient</strong></span> <span class='ocrx_word' id='word_1_241' title='bbox 562 4024 677 4078; x_wconf 89' lang='lat' dir='ltr'><strong>humum.</strong></span> <span class='ocrx_word' id='word_1_242' title='bbox 718 4024 789 4079; x_wconf 87' lang='lat' dir='ltr'><strong>Fest.</strong></span> <span class='ocrx_word' id='word_1_243' title='bbox 814 4043 840 4096; x_wconf 90' lang='lat' dir='ltr'><strong>p.</strong></span> <span class='ocrx_word' id='word_1_244' title='bbox 864 4024 931 4079; x_wconf 63' lang='lat'><strong>³63:</strong></span> <span class='ocrx_word' id='word_1_245' title='bbox 959 4024 1120 4096; x_wconf 71' lang='lat' dir='ltr'><strong>&#39;fripudium</strong></span> <span class='ocrx_word' id='word_1_246' title='bbox 1141 4024 1260 4078; x_wconf 75' lang='lat' dir='ltr'><strong>cernitur</strong></span> <span class='ocrx_word' id='word_1_247' title='bbox 1282 4021 1379 4080; x_wconf 40' lang='lat' dir='ltr'><strong>inssau·</strong></span> 
     </span>
     <span class='ocr_line' id='line_1_35' title="bbox 418 4109 1380 4187; baseline 0.004 -21"><span class='ocrx_word' id='word_1_248' title='bbox 418 4113 505 4187; x_wconf 65' lang='lat' dir='ltr'><strong>miciis</strong></span> <span class='ocrx_word' id='word_1_249' title='bbox 523 4113 552 4166; x_wconf 85' lang='lat' dir='ltr'><strong>in</strong></span> <span class='ocrx_word' id='word_1_250' title='bbox 570 4109 747 4168; x_wconf 72' lang='lat' dir='ltr'><strong>exsultatione</strong></span> <span class='ocrx_word' id='word_1_251' title='bbox 764 4112 966 4185; x_wconf 86' lang='lat' dir='ltr'><strong>tripudiantium</strong></span> <span class='ocrx_word' id='word_1_252' title='bbox 981 4112 1134 4186; x_wconf 82' lang='lat' dir='ltr'><strong>pullorum,</strong></span> <span class='ocrx_word' id='word_1_253' title='bbox 1153 4111 1254 4169; x_wconf 79' lang='lat' dir='ltr'><strong>dictam</strong></span> <span class='ocrx_word' id='word_1_254' title='bbox 1274 4135 1290 4168; x_wconf 83' lang='lat' dir='ltr'><strong>a</strong></span> <span class='ocrx_word' id='word_1_255' title='bbox 1307 4127 1380 4170; x_wconf 81' lang='lat' dir='ltr'><strong>terra</strong></span> 
     </span>
     <span class='ocr_line' id='line_1_36' title="bbox 418 4201 1377 4275; baseline 0.002 -19"><span class='ocrx_word' id='word_1_256' title='bbox 418 4202 561 4275; x_wconf 77' lang='lat' dir='ltr'><strong>parienda,</strong></span> <span class='ocrx_word' id='word_1_257' title='bbox 587 4216 649 4255; x_wconf 80' lang='lat' dir='ltr'><strong>nam</strong></span> <span class='ocrx_word' id='word_1_258' title='bbox 665 4201 757 4274; x_wconf 82' lang='lat' dir='ltr'><strong>pavire</strong></span> <span class='ocrx_word' id='word_1_259' title='bbox 776 4212 816 4256; x_wconf 89' lang='lat' dir='ltr'><strong>est</strong></span> <span class='ocrx_word' id='word_1_260' title='bbox 838 4202 928 4257; x_wconf 76' lang='lat' dir='ltr'><strong>serire-</strong></span> <span class='ocrx_word' id='word_1_261' title='bbox 951 4203 984 4258; x_wconf 85' lang='lat' dir='ltr'><strong>c&#39;i.</strong></span> <span class='ocrx_word' id='word_1_262' title='bbox 1006 4203 1081 4258; x_wconf 75' lang='lat' dir='ltr'><strong>Fert.</strong></span> <span class='ocrx_word' id='word_1_263' title='bbox 1104 4222 1130 4256; x_wconf 80' lang='lat' dir='ltr'><strong>v.</strong></span> <span class='ocrx_word' id='word_1_264' title='bbox 1153 4202 1213 4274; x_wconf 85' lang='lat' dir='ltr'><strong>puls</strong></span> <span class='ocrx_word' id='word_1_265' title='bbox 1283 4204 1377 4275; x_wconf 82' lang='lat' dir='ltr'><strong>puvire</strong></span> 
     </span>
     <span class='ocr_line' id='line_1_37' title="bbox 420 4290 653 4346; baseline -0.013 0"><span class='ocrx_word' id='word_1_266' title='bbox 420 4291 489 4346; x_wconf 87' lang='lat' dir='ltr'><strong>enim</strong></span> <span class='ocrx_word' id='word_1_267' title='bbox 507 4290 589 4346; x_wconf 86' lang='lat' dir='ltr'><strong>ferire</strong></span> <span class='ocrx_word' id='word_1_268' title='bbox 606 4301 653 4346; x_wconf 88' lang='lat' dir='ltr'><strong>est.</strong></span> 
     </span>
    </p>
   </div>
   <div class='ocr_carea' id='block_1_4' title="bbox 0 0 1704 5042">
    <p class='ocr_par' dir='ltr' id='par_1_7' title="bbox 0 0 1704 5042">
     <span class='ocr_line' id='line_1_38' title="bbox 0 0 1704 5042; baseline 0 1"><span class='ocrx_word' id='word_1_269' title='bbox 0 0 1704 5042; x_wconf 95' lang='lat' dir='ltr'><strong> </strong></span> 
     </span>
    </p>
   </div>
  </div>
 </body>
</html>
