3400 5042
828 525 877 601 47

322 694 356 763 st
381 699 492 789 stirpe
508 711 541 764 et
568 724 664 768 sensu
696 701 785 768 idem
822 702 864 768 sit
895 713 993 792 atque
1025 709 1202 786 nassum,
1219 693 1223 700 ⁵
1239 705 1383 796 ideoque

322 817 488 868 usamenta
508 814 544 868 ut
564 809 793 886 indigitamenta
812 804 934 871 fuerint
954 805 1177 874 invocationes
1204 809 1283 875 istae
1305 809 1384 874 deo·

322 926 397 970 rum
423 905 559 972 statutae
584 907 812 996 solemnesque
838 931 915 975 cum
941 909 1148 976 enan-atione
1173 921 1206 976 et
1226 911 1382 977 virtutum

322 1018 362 1070 et·
374 1009 609 1095 cognominum
631 1009 692 1076 rite
713 1010 818 1076 editae
833 1015 886 1093 ⁰⁸).

404 1107 565 1176 Ceterum
581 1114 761 1201 perscripta
777 1111 874 1178 fuisse
890 1112 972 1179 baec
993 1126 1163 1180 aramenta
1184 1116 1288 1203 prisca
1304 1139 1382 1182 cum

320 1212 435 1278 ritibus
456 1215 727 1303 caerimoniisque
742 1214 906 1281 Saliorum
923 1239 961 1281 ea
981 1216 1116 1296 ratione,
1137 1239 1237 1306 quam
1251 1218 1383 1284 tabulae

321 1315 513 1403 Eugubinae
534 1328 567 1382 et
585 1329 802 1383 monumenta
824 1317 993 1383 Arvalium
1019 1320 1226 1386 sacerdotum
1247 1344 1326 1408 prae
1347 1344 1381 1385 se

321 1416 440 1499 lerant,
471 1419 506 1484 in
528 1419 645 1484 tabulis
667 1443 723 1485 seu
750 1420 840 1485 libris
867 1420 1032 1487 Saliorum
1059 1421 1101 1486 de
1127 1422 1246 1510 quibus
1273 1425 1381 1488 Varro

321 1519 474 1608 loquitur,
493 1521 618 1586 nullam
640 1521 763 1588 babere
784 1521 1022 1588 dubitationem
1042 1523 1180 1589 videtur.
1341 1528 1343 1533 ’

404 1624 448 1689 Et
467 1634 629 1712 protenta
645 1635 778 1712 tamque
795 1624 984 1712 scrupulosa
996 1626 1204 1691 sacerdotum
1216 1627 1381 1714 religione,

321 1748 385 1818 qua
406 1749 449 1791 ne
470 1724 684 1790 minutissima
706 1726 840 1814 quidem
863 1727 904 1791 de
926 1727 1059 1815 singulis
1076 1731 1378 1816 comprecationum

320 1829 428 1894 verbio
449 1828 567 1894 mutari
590 1828 639 1894 las
661 1822 849 1917 putabaturl
874 1828 944 1894 fieri
966 1852 1064 1917 posse
1085 1831 1222 1896 minime
1243 1830 1380 1909 videtur,

273 1957 274 1964 ¹
321 1944 356 1996 ut
377 1931 455 1997 Salii
476 1941 660 2008 aramenta,
692 1953 835 2019 quorum
857 1953 989 1996 sensum
1009 1933 1208 2020 procedente
1229 1944 1379 2022 tempore

320 2035 372 2099 vix
394 2033 454 2121 ipsi
475 2032 693 2119 intelligerent
707 2038 764 2114 ⁸²),
795 2056 857 2120 per
887 2034 1011 2121 singula
1043 2036 1142 2100 verba
1174 2036 1380 2124 syllabasque

319 2146 467 2202 accurate
488 2136 650 2200 memoria
671 2145 833 2215 tenerent,
853 2135 945 2200 nullo
967 2147 1111 2202 exstante
1122 2138 1244 2225 scripto
1262 2161 1380 2203 monu-

318 2250 446 2316 mento,
467 2237 509 2303 sd
531 2235 622 2324 quod
642 2237 822 2325 confugere
842 2251 985 2326 possent.
1028 2238 1108 2324 Quo
1128 2262 1208 2305 vero
1229 2251 1378 2327 tempore

318 2342 436 2429 scripta
457 2339 521 2404 sint
546 2337 599 2404 illa
622 2339 771 2426 quamvis
792 2339 929 2406 discerni
951 2364 1019 2405 non
1045 2343 1164 2428 possit,
1196 2353 1317 2421 tamen,
1345 2355 1379 2406 ut

319 2455 394 2508 sunt
414 2440 545 2507 rituales
567 2440 639 2505 libri
661 2441 885 2530 antiquissima
901 2442 997 2529 vapud
1018 2442 1191 2508 Romanos
1211 2444 1378 2509 literarum

318 2555 547 2622 monumenta,
578 2542 677 2608 etiam
698 2556 870 2609 aramenta
897 2567 987 2610 sacra
1012 2546 1079 2626 jam
1104 2545 1218 2632 priscis
1249 2558 1380 2633 tempo·

318 2648 407 2714 ribus
428 2646 528 2713 literis
547 2644 700 2710 mandata
721 2669 803 2725 esse,
822 2644 912 2711 haud
928 2646 997 2712 sine
1008 2647 1134 2714 ratione
1144 2671 1256 2714 revera
1269 2648 1379 2714 nescio

318 2772 360 2815 sn
381 2749 590 2814 existimetur.

402 2854 475 2940 lpse
497 2849 602 2916 oratio
617 2848 739 2915 horum
760 2851 944 2915 carminum
965 2874 1033 2915 non
1054 2852 1224 2918 mansisset
1243 2853 1285 2918 ab
1308 2853 1381 2917 ulti-

219 3005 224 3011 .
321 2977 374 3018 ma
395 2952 585 3043 antiquitate
606 2953 754 3032 immota,
774 2952 835 3018 nisi
847 2953 954 3018 aeneis
970 2952 1146 3040 lapideisve
1158 2957 1379 3019 monumentis

319 3056 381 3120 lixa
402 3055 525 3120 luisset.
567 3054 720 3144 Namque
741 3065 808 3120 tam
830 3054 1042 3120 absconditae
1058 3057 1223 3122 vetustatis
1235 3056 1378 3144 speciem

320 3158 371 3224 vel
392 3157 533 3244 antiquis
555 3157 764 3242 scriptoribus
790 3180 869 3245 prae
897 3181 933 3222 se
953 3157 1038 3222 ferre
1058 3158 1231 3224 videbatur
1256 3164 1312 3241 ⁰⁸),
1343 3171 1380 3222 ut

318 3260 456 3325 verbum
477 3259 664 3352 obsoletum
687 3261 713 3325 si
740 3260 983 3348 reprehendere
1009 3259 1142 3339 vellent,
1173 3261 1297 3328 Saliare
1322 3284 1380 3349 ap-

316 3447 526 3461 m

361 3547 400 3620 ⁸⁸)
418 3551 498 3606 Hanc
515 3549 549 3605 de
567 3548 774 3622 indigitamentis
791 3547 951 3604 sententiam
963 3547 1098 3604 subtiliter
1111 3549 1306 3606 demonstravit
1318 3548 1381 3603 Am-

418 3637 533 3695 brosels:
551 3637 595 3693 De
613 3637 688 3693 libris
705 3634 790 3709 Relig.
809 3638 888 3692 Rom.
922 3636 1013 3692 Bono.
1031 3637 1107 3693 tela
1124 3659 1151 3712 p.
1167 3638 1203 3692 3⁶
1220 3658 1258 3712 sq.

362 3744 400 3817 ⁶¹)
419 3746 515 3818 Quint.
533 3745 598 3801 lust.
616 3744 692 3801 Orat.
711 3745 731 3809 1.
748 3745 776 3810 6,
793 3745 845 3799 4⁰:
867 3743 1001 3800 Saliorum
1017 3746 1136 3802 carmina
1151 3746 1198 3802 rix
1214 3745 1277 3820 ipsis
1294 3764 1380 3802 sacer-

421 3835 529 3891 dotibus
550 3834 603 3890 suis
626 3834 689 3890 satis
710 3831 863 3903 intellecta,
888 3832 937 3889 sed
954 3832 1001 3889 illa
1023 3833 1120 3891 mutari
1137 3844 1210 3891 vetat
1230 3833 1335 3906 religio,
1352 3843 1380 3888 et

418 3923 582 3981 consecratis
602 3923 732 3979 utendum
749 3934 797 3978 est.

349 4030 389 4100 ⁰⁸.)
424 4030 576 4105 Symnsob.
594 4031 778 4105 Epp.111‚ts:
796 4029 818 4085 si
835 4027 886 4085 tibi
903 4027 1041 4085 vetustatis
1059 4040 1148 4086 tantus
1166 4040 1306 4094 essenos,
1324 4025 1381 4100 pari

419 4121 510 4177 studio
528 4119 558 4174 in
574 4119 657 4175 verbs
672 4119 759 4193 prisca
775 4118 924 4184 redeamus,
942 4117 1039 4191 quibus
1057 4115 1125 4173 Salii
1141 4127 1251 4181 emunt,
1268 4133 1380 4187 augures

346 4252 350 4258 -
417 4228 494 4266 avem
520 4206 666 4264 consulunt
692 4219 720 4263 et
745 4206 892 4263 decemviri
913 4204 1016 4262 tabulas
1040 4205 1229 4262 condiderunt·
1282 4201 1378 4258 Sidon.

418 4296 540 4371 Apollin-
559 4294 641 4363 vul,
659 4294 700 4350 tt.
727 4293 812 4352 Unde
829 4292 902 4351 enisa
924 4293 1005 4350 nobis
1023 4291 1093 4348 illud
1109 4290 1240 4368 loquendi
1256 4290 1381 4348 netem
