3400 5042
820 497 871 575 48

293 668 296 673 ’
319 673 549 742 fertilissimam
570 675 749 744 reddidisse
769 677 947 756 ferebatur,
967 675 1107 745 recentis
1127 680 1213 746 veris
1234 691 1378 768 segetem

314 800 464 845 crescere
485 778 636 869 beneque
658 780 789 847 evenire
811 780 932 846 sineret
945 783 998 862 ⁸⁸).

403 880 511 947 Pridie
549 881 690 971 denique
723 882 888 950 Calendas
915 905 1003 949 sacra
1024 882 1137 949 Lunae
1157 883 1192 949 in
1212 884 1378 951 Aventino

321 993 414 1048 erant
433 984 630 1072 peragenda,
650 1009 668 1050 a
690 987 824 1052 Junone
846 985 970 1052 Lucina
994 1008 1203 1076 nequaquam
1225 986 1379 1067 diversae,

321 1107 389 1173 quo
410 1084 463 1151 die
484 1108 575 1154 arma
598 1087 764 1154 Saliorum
789 1089 823 1154 in
841 1087 955 1154 Martis
976 1087 1117 1154 sacrario
1139 1089 1270 1158 condita
1292 1101 1377 1155 sunt.

404 1188 456 1255 Ad
485 1186 571 1255 lranc
602 1189 701 1278 igitur
727 1191 922 1257 sententiam
954 1193 1233 1279 argumentatione
1266 1203 1378 1258 nostra

322 1288 452 1356 deducti
473 1313 606 1359 sumuss
633 1292 798 1359 Saliorum
821 1292 979 1359 solemnia
1001 1317 1020 1358 e
1041 1293 1119 1360 solis
1140 1293 1303 1386 lunaeque
1325 1318 1378 1361 an-

322 1415 404 1458 num
425 1393 513 1482 paris
534 1393 657 1460 vicibus
679 1395 879 1462 conficientis
900 1395 1002 1473 cultu,
1023 1395 1064 1460 ab
1085 1396 1229 1464 Etruscis
1249 1409 1380 1487 praeter

321 1505 443 1562 ceteras
471 1496 581 1562 ltaliae
606 1510 718 1586 gentes
750 1497 947 1586 repetendo,
979 1509 1066 1577 orta,
1099 1510 1131 1564 et
1161 1500 1260 1565 Marti
1282 1501 1379 1565 Veris

322 1598 448 1664 numini
481 1598 661 1689 ceterisque
698 1600 758 1665 diis
794 1600 1009 1679 naturalibus,
1047 1602 1101 1690 qui
1133 1602 1190 1666 illo
1222 1603 1379 1668 redeunte

322 1701 431 1768 denuo
455 1725 630 1790 procreare
663 1726 701 1768 ac
727 1714 916 1791 praesentes
945 1726 1015 1768 esse
1041 1695 1235 1792 inciperent,
1267 1728 1381 1771 conse·

323 1815 430 1884 crata,·
444 1805 586 1894 ideoque
608 1829 683 1872 cum
706 1806 825 1894 gaudio
847 1817 946 1895 atque
968 1807 1086 1873 ardore
1097 1807 1285 1873 animorum
1307 1832 1381 1875 can-

321 1907 408 1975 tibus
429 1907 716 1997 saltationibusque
738 1931 893 1998 expresso
913 1932 974 1997 per
995 1921 1103 1976 totum
1123 1933 1273 1976 mensem
1293 1912 1381 1978 Mar-

322 2010 592 2078 tiumcelebrata
625 2034 706 2077 esse.
770 2016 816 2076 At
845 2011 1003 2099 quoniam
1027 2036 1130 2077 verno
1160 2025 1312 2101 tempore
1338 2015 1380 2080 ad

322 2136 414 2180 arma
434 2113 545 2181 vocari
566 2115 717 2179 Romana
738 2115 888 2196 juventus
915 2113 1284 2211 bellicosa'laetabatur,
1314 2117 1382 2182 bel-

322 2217 383 2283 lica
409 2217 530 2284 sensim
558 2241 595 2282 ac
621 2216 722 2282 civilis
747 2217 910 2283 festorum
931 2216 1059 2283 dierum
1080 2217 1213 2284 illorum
1235 2219 1317 2285 ratio
1338 2220 1381 2285 ita

322 2321 524 2412 praevalere·
541 2320 651 2408 coepit
680 2318 767 2408 apud
804 2318 981 2409 populum,
1017 2332 1067 2399 ut,
1102 2320 1382 2387 obsolescentibus

322 2423 514 2515 praesertim
534 2422 648 2512 priscis
674 2421 888 2501 carminibus,
918 2423 1057 2508 genuina
1084 2423 1137 2488 illa
1164 2423 1262 2489 etiam
1294 2423 1382 2513 apud

323 2527 508 2596 secerdotes
528 2529 563 2592 in
584 2525 784 2590 oblivionem
806 2524 1005 2612 procedente
1024 2536 1176 2614 tempore
1197 2525 1309 2592 abiret

406 2629 509 2714 Cujus
529 2628 577 2697 rei
588 2628 833 2694 firmamentum
844 2638 893 2694 est
902 2628 1007 2716 probe
1018 2628 1272 2709 observandum,
1293 2630 1384 2718 quod
1445 2695 1447 2698 .

323 2735 408 2803 inter
438 2733 549 2800 omnia
580 2731 681 2797 verba
713 2730 846 2797 Saliaria
879 2753 897 2796 a
924 2730 1156 2797 Grammaticis
1185 2743 1311 2798 servata
1341 2755 1383 2797 ne

322 2861 426 2908 unum
447 2835 582 2927 quidem
610 2834 652 2901 ad
678 2833 802 2923 proelia
823 2856 941 2922 resque
963 2833 1051 2899 bello
1081 2845 1201 2922 gestas,
1230 2835 1386 2924 pleraque

323 2943 366 3011 ad
387 2965 440 3008 res
460 2962 566 3006 sacras
589 2949 622 3005 et
641 2938 776 3003 ruaticas
798 2947 955 3026 spectant.
998 2935 1088 3021 Quid
1109 2948 1276 3024 praeterea
1293 2937 1383 3025 quod

298 3044 506 3126 *secundum
531 3041 728 3130 Dionysium
754 3040 831 3106 Salii
859 3039 956 3127 virgis
982 3038 1101 3104 ancilia
1133 3039 1308 3128 pulsabant
1321 3045 1385 3120 ⁸')?

325 3147 414 3240 quod
436 3145 580 3234 effigiem
602 3143 679 3211 Salii
701 3143 878 3209 sacerdotis
899 3165 1000 3230 opere
1022 3141 1228 3232 anaglyptico
1240 3142 1385 3209 elabora-

324 3260 392 3318 tam
403 3250 565 3328 videmus,
585 3248 685 3315 altera
707 3270 808 3312 manu
824 3245 964 3334 virgam,
984 3245 1082 3310 altera
1104 3244 1243 3311 herbam
1260 3270 1383 3313 sacram

325 3365 494 3422 tenentem
518 3354 585 3435 ⁸⁸)?
646 3351 769 3417 Nonne
795 3349 862 3415 hoc
883 3371 1016 3437 quoque
1038 3348 1158 3414 indicat
1179 3360 1212 3414 et
1232 3348 1386 3430 affirmat,

323 3476 536 3501 w

358 3582 397 3654 ⁸⁸)
432 3579 476 3638 cf.
495 3581 524 3636 in
542 3579 604 3634 lnd.
629 3576 704 3633 verb.
722 3576 778 3633 sal.
814 3579 950 3634 Pennstas
968 3575 1187 3651 impendatasque
1211 3595 1308 3647 agnes,
1334 3579 1386 3633 Re-

427 3670 496 3726 irire
512 3667 582 3724 isba.
617 3667 741 3724 Macrob.
760 3668 783 3733 l,
799 3667 833 3724 8:
850 3687 911 3722 nam
938 3679 966 3721 et
982 3666 1077 3722 isicem
1102 3664 1200 3722 volunt
1226 3665 1330 3720 fabulae
1356 3665 1385 3720 in

429 3757 547 3815 Siciliam
579 3755 724 3820 decidisse,
760 3774 814 3831 quo
847 3753 883 3813 ait
907 3767 979 3811 tarra
1004 3752 1055 3810 iste
1079 3752 1125 3809 rel
1150 3752 1263 3809 maxime
1281 3753 1384 3811 fertilis.

306 3910 309 3915 ,
428 3849 502 3904 Fert.
520 3866 546 3900 r.
565 3844 695 3902 Saturnus
712 3865 739 3920 p.
756 3845 816 3900 315.

359 3935 397 4008 ⁸⁷)
432 3937 477 3993 De
495 3954 527 3990 es
543 3955 574 3991 re
591 3932 697 4010 plenius
715 3933 769 4008 agit
787 3931 914 3989 Gutberl.
933 3951 959 4006 p.
976 3930 1089 3986 stt-91.

359 4024 398 4096 ⁸⁸)
432 4024 513 4082 Hanc
530 4021 645 4096 effigiem
661 4020 791 4096 depictam
808 4019 904 4076 inveni
921 4039 963 4094 ap.
982 4018 1105 4076 Gutberl.
1125 4039 1151 4092 p.
1167 4018 1211 4085 61,
1228 4019 1274 4093 qui
1293 4040 1308 4074 e
1325 4020 1387 4074 Bel-

424 4112 485 4171 lorii
503 4111 605 4185 Vestig.
623 4114 736 4168 Roman.
755 4107 900 4184 Antiquitt.
918 4129 945 4182 p.
963 4108 1012 4174 42,
1038 4107 1110 4166 lilsra
1127 4108 1261 4165 rarissimo
1278 4129 1306 4164 se
1323 4129 1387 4183 pra-

431 4203 501 4260 ferra
518 4201 592 4259 dicit.
626 4200 700 4256 Idem
717 4220 744 4274 p.
762 4198 804 4254 ⁶9.
822 4210 850 4255 et
866 4197 908 4253 60.
926 4217 1047 4254 nummos
1064 4196 1160 4265 habet,
1178 4198 1207 4254 in
1215 4197 1310 4271 quilius
1320 4197 1386 4253 Selii

430 4314 489 4352 eum
506 4292 587 4364 virgis
605 4303 632 4348 st
648 4289 778 4348 ancilibus
794 4287 1006 4363 conspiciantur.
1228 4305 1230 4309 ’
