3400 5042
327 689 416 756 mina
438 689 472 754 in
493 687 626 755 vetustis
648 688 844 754 carminibus
866 687 926 753 illis
946 690 1093 754 invocata
1119 689 1196 768 sint,
1227 689 1384 771 judicium

326 792 434 859 facere
455 792 495 857 ab
518 791 624 880 aliqua
645 802 736 879 parte
758 790 932 878 possimus,
954 791 1104 856 ordinem
1119 792 1279 858 festorum
1291 816 1384 858 men·
1468 796 1471 800 ’

327 895 369 961 sis
396 894 504 959 Martii
533 893 659 959 dierum
686 894 784 958 secuti
812 893 852 958 de
881 894 1027 982 singulis,
1058 906 1216 982 quantum
1243 895 1283 960 ad
1311 920 1384 961 rem

325 997 543 1062 necessarium
564 996 740 1075 videbitur,
767 995 930 1085 agendum
953 1008 1013 1075 est,
1034 996 1125 1061 initio
1151 1009 1188 1062 ut
1214 1021 1266 1063 res
1293 999 1384 1079 jubet

327 1100 474 1165 sMarte
495 1111 599 1187 capto.
705 1128 707 1135 ⁸

408 1202 522 1267 Martis
543 1203 717 1289 genuinam
739 1213 888 1268 naturam
911 1202 1164 1290 facultatemque
1181 1200 1320 1266 inlibris
1340 1202 1382 1266 de

325 1303 529 1395 mythologie
555 1306 784 1370 Romanorum
813 1304 939 1392 scriptis
971 1327 1180 1392 nequaquam
1214 1303 1386 1390 diligenter·

327 1419 359 1472 et
384 1419 530 1472 accurate
562 1431 746 1496 expressam
780 1430 887 1495 nuper
918 1405 1125 1484 Clausenius,
1162 1417 1198 1471 ut
1223 1429 1314 1471 suam
1342 1406 1383 1472 de

318 1510 469 1575 carmine
490 1510 628 1575 fratrum
652 1510 817 1574 Arvalium
841 1521 1037 1602 sustentaret
1057 1509 1264 1587 sententiam,
1295 1509 1384 1574 hunc

325 1614 359 1677 in
379 1613 519 1677 modum
541 1614 788 1679 describendam
807 1612 945 1676 censuit:
967 1611 1108 1676 Martem
1125 1612 1252 1676 nonnisi
1265 1612 1383 1691 ferum,

326 1728 563 1804 cruentumque
591 1740 661 1780 esse
689 1716 802 1793 deum,
838 1715 933 1779 bonis
962 1715 1129 1778 eventibus
1155 1715 1383 1801 perturbandis

325 1819 535 1904 gaudentem,
571 1821 660 1900 cujus
694 1818 905 1882 furibundam
938 1818 1098 1881 feritatem
1131 1818 1221 1881 omni
1253 1817 1382 1904 piaculo

325 1921 491 2009 deprecari
514 1932 546 1984 et
562 1945 578 1985 a
596 1945 629 1985 se
653 1921 783 2008 suisque
800 1921 883 2008 agris
900 1920 1086 1998 defendere,
1103 1920 1170 1984 aliis
1188 1919 1248 1985 diis
1264 1921 1381 1987 auxilio

325 2025 456 2102 vocatis,
477 2023 559 2088 soliti
578 2024 643 2088 sint
654 2025 806 2088 Romani.
830 2023 941 2109 Quam
959 2022 1161 2087 falsissimam
1178 2025 1383 2102 sententiam,

324 2149 474 2215 perversa
487 2127 733 2212 argumentandi
756 2126 881 2192 ratione
893 2139 1009 2204 ortam,
1021 2125 1228 2214 etymologia,
1249 2127 1382 2191 vetustis

317 2229 654 2317 ,comprecationibus,
685 2228 948 2316 inscriptionibus
969 2229 1123 2293 adhibitis
1145 2252 1184 2293 eo
1206 2229 1308 2316 magis
1329 2228 1383 2294 hic

317 2331 537 2399 ,refellendam
559 2331 639 2396 mihi
661 2356 729 2396 esse
756 2331 908 2395 videbam
936 2332 1026 2420 quod
1053 2332 1086 2394 in
1115 2355 1151 2397 ea
1179 2330 1294 2395 falsam
1322 2332 1381 2397 viri

323 2433 410 2500 docti
428 2433 468 2497 de
485 2434 592 2498 Arvali
610 2435 753 2499 carmine
773 2434 963 2522 opinionem
980 2434 1037 2499 niti
1054 2434 1137 2499 infra
1156 2433 1381 2521 apparebit⁸⁵).

324 2538 409 2603 Sunt
430 2559 507 2600 vero
530 2537 665 2601 omnino
688 2537 721 2602 in
744 2537 945 2625 inquirendis
966 2537 1104 2602 deorum
1124 2536 1310 2602 ltalicorum
1331 2561 1381 2602 re-

321 2639 495 2726 ligionibus
521 2638 603 2703 haec
631 2640 697 2704 duo
726 2641 827 2727 capita
856 2640 1073 2718 observanda,
1104 2639 1250 2727 primum
1275 2651 1313 2704 ut
1338 2665 1380 2706 ne

325 2741 449 2808 Graeca
468 2741 692 2821 admiscentur,
714 2742 831 2806 deinde
849 2754 886 2806 ut
896 2755 1041 2811 accurate
1053 2744 1261 2829 dignoscatur
1272 2745 1381 2832 quoad

322 2844 390 2909 fieri
424 2855 545 2932 potest,
588 2845 674 2933 apud
708 2869 787 2933 quas
819 2845 960 2910 maxime
993 2846 1102 2910 ltaliae
1134 2857 1246 2933 gentes
1278 2872 1382 2912 unum

322 2946 477 3035 quodque
504 2970 628 3013 numen
657 2949 690 3012 in
716 2948 844 3013 honore
877 2948 984 3017 fuerit.
1036 2950 1179 3014 Martem
1211 2950 1308 3036 igitur
1337 2952 1379 3016 ab

422 3134 543 3215 οἵγοολμοο
563 3136 648 3199 taulis
668 3139 797 3222 ἐ’μμοςφοο
818 3135 960 3216 ποιούμενοι
979 3137 1107 3200 darsianus.
1160 3141 1194 3197 cf·
1217 3142 1306 3198 Varro
1337 3164 1380 3218 ap.

426 3237 563 3308 Augustin.
582 3236 616 3292 de
635 3237 684 3291 civ.
704 3237 747 3291 dei
765 3236 813 3300 IV,
831 3237 875 3290 31.

366 3324 403 3397 ⁸⁵)
427 3327 507 3380 Hanc
529 3326 691 3380 sententium
716 3325 873 3380 Clausenius
897 3324 1020 3380 defendit
1041 3325 1070 3379 in
1092 3325 1186 3380 libello
1209 3326 1243 3382 de
1265 3327 1381 3383 carmine

423 3415 533 3470 fratrum
552 3413 685 3468 Arvalium
705 3433 751 3468 suo
770 3436 794 3488 p.
812 3414 855 3477 36,
874 3416 898 3478 7,
916 3415 958 3478 40,
975 3416 1021 3481 423
1038 3415 1151 3488 primum
1168 3415 1246 3488 pte.
1266 3429 1295 3470 ut
1308 3437 1380 3471 suam

424 3503 581 3559 sententiam
605 3514 747 3567 sustentet,
766 3504 832 3559 dicit
850 3503 947 3559 ancilia
970 3524 1028 3559 esse
1050 3504 1117 3558 belli
1139 3503 1220 3576 signa.
1264 3505 1300 3559 At
1322 3525 1381 3561 nou

422 3593 503 3666 magis
520 3590 674 3647 saltationes
693 3591 825 3647 Saliorum
843 3586 877 3646 a'd
894 3592 993 3647 bellum
1010 3606 1140 3667 spectant,
1159 3615 1235 3666 quam
1254 3593 1380 3650 Curetum

423 3681 668 3753 Corybantumque,
686 3693 731 3736 aut
748 3681 916 3736 meretricum
934 3682 963 3736 in
981 3682 1048 3736 ludis
1062 3682 1215 3738 Floralibus
1229 3703 1287 3738 cum
1301 3682 1379 3739 armis

423 3769 586 3842 gladiatoriis
604 3768 762 3824 saltantium.
781 3769 871 3826 Schol.
890 3771 1096 3826 Juvenalsatir.
1115 3772 1245 3838 v1,249;
1267 3785 1380 3828 conteu-

423 3857 463 3913 dit
480 3859 551 3912 idem
568 3878 593 3931 p.
610 3859 653 3921 37,
672 3858 812 3914 clamorem
829 3858 1014 3933 triumphalem
1031 3860 1110 3932 magis
1124 3861 1156 3916 ad
1166 3861 1292 3917 bellicum
1303 3883 1379 3935 quam

422 3949 457 4002 ad
474 3959 600 4019 agrestem
619 3948 697 4001 derun
715 3960 847 4018 spectare;
863 3948 907 4001 hic
923 3969 989 4004 vero
1008 3949 1105 4004 oblitus
1125 3963 1173 4018 est,
1190 3971 1225 4005 ex
1233 3951 1379 4023 agrestibus

423 4037 532 4092 deorum
555 4035 657 4108 pompis
683 4035 829 4109 triumphos
858 4057 912 4091 esse
936 4051 1023 4101 ortos,
1054 4038 1169 4112 ideoque
1196 4039 1274 4094 etiarn
1299 4060 1379 4096 voces

423 4125 606 4196 clamoresque
624 4123 706 4179 laetos
724 4125 789 4180 istos
809 4125 997 4180 exsultantium
1014 4127 1188 4183 sacerdotum.
1220 4130 1316 4184 Poetas
1334 4130 1380 4185 de-

421 4213 502 4287 nique
522 4211 594 4285 quod
614 4211 677 4268 dicit
700 4234 756 4268 non
780 4215 885 4270 novisse
907 4229 1033 4288 agrestem
1056 4219 1188 4280 Martem,
1214 4217 1306 4272 falsum
1329 4231 1379 4284 est,

422 4321 484 4357 narn
500 4304 570 4357 bene
588 4301 666 4356 novit
684 4301 798 4358 Ovidius
816 4317 988 4377 campestrem
1006 4307 1130 4370 Martem,
1147 4304 1265 4376 gramine
1283 4319 1378 4363 ortum.
