3400 5042
815 555 889 630 143
1047 602 1049 604 ·

273 723 277 729 ’
321 736 389 816 cim
406 732 590 800 tabularum
612 731 760 797 laudator
781 732 892 820 paullo
908 731 1146 817 indulgentior:
1168 731 1258 820 quod
1280 732 1380 815 vitam

320 835 507 922 famamque
529 825 647 898 civium
668 839 842 921 Poetarum
864 833 1017 898 conviciis
1038 833 1216 914 subjectam
1242 837 1383 916 majores

320 938 442 1001 habere
465 936 640 1005 noluerint.
682 939 815 1000 Arnon
842 936 995 1000 viderunt
1020 959 1096 999 sane
1123 935 1322 1022 legislatores
1344 960 1382 1001 ac

323 1039 521 1125 reipublicae
543 1038 777 1124 gubernatores
799 1037 857 1114 illi,
890 1061 957 1102 non
984 1036 1099 1100 iisdem
1120 1037 1186 1124 pati
1209 1062 1243 1102 se
1265 1039 1380 1125 poesin

321 1141 438 1228 quibus
464 1139 702 1226 rempublicam
721 1139 853 1225 legibus
880 1139 1041 1212 coerceri;
1094 1139 1127 1202 id
1155 1138 1245 1226 quod
1271 1139 1383 1204 docuit

320 1242 483 1329 posterior
505 1253 606 1319 aetas,
635 1265 736 1328 quum
760 1244 827 1322 ejus
849 1241 971 1327 poesis,
1004 1263 1103 1327 quam
1122 1243 1235 1322 juvare
1256 1240 1381 1327 legibus

322 1344 489 1420 volebant,
510 1342 562 1406 vix
579 1343 710 1429 vestigia
728 1343 889 1429 quaedam
905 1342 1103 1430 procedente
1119 1354 1269 1430 tempore
1285 1354 1384 1423 resta·
1424 1427 1427 1432 Ι

321 1456 401 1522 rent,
424 1468 471 1522 ea,
493 1466 592 1531 quam
615 1444 802 1530 opprimere
820 1444 935 1509 iisdem
953 1444 1140 1522 studebant,
1162 1444 1195 1508 in
1207 1445 1381 1531 proprium

322 1548 491 1610 Romanae
513 1556 638 1608 saturae
668 1556 699 1608 et
725 1545 968 1632 epigrammatis
992 1568 1094 1631 genus
1121 1545 1381 1634 amplificaretur.

323 1647 450 1732 Quodsi
469 1645 567 1710 etiarn
584 1646 820 1731 imperatorum
837 1659 939 1711 aetate
952 1647 1116 1711 Domitius
1127 1648 1245 1734 scripta
1256 1648 1387 1713 famosa,

323 1749 486 1834 vulgoque
508 1747 607 1824 edita,
639 1748 758 1834 quibus
784 1749 948 1835 primores
974 1749 1034 1812 viri
1056 1772 1092 1812 ac
1120 1749 1264 1820 feminae
1290 1761 1384 1814 nota·

273 1897 277 1901 ‹
322 1852 454 1927 bantur,
475 1872 543 1913 non
565 1849 632 1913 sine
654 1861 825 1913 auctorum
841 1850 1023 1935 'ignominia
1052 1850 1195 1914 abolevit
1218 1854 1277 1930 ⁸⁰),
1307 1850 1384 1942 inde

323 1952 474 2037 colligere
495 1949 578 2028 licet,
599 1963 631 2015 et
652 1963 770 2039 quanta
788 1952 887 2015 fuerit
906 1951 1007 2016 libera
1020 1951 1185 2038 republica
1202 1954 1384 2017 carminum

221 2101 223 2104 ψ
324 2053 475 2129 licentia,.
500 2063 532 2115 et
554 2052 586 2116 in
608 2052 770 2140 principes
791 2053 934 2117 maxime
956 2052 1090 2117 civitatis
1111 2055 1283 2134 eajactata
1306 2079 1384 2120 esse.

407 2155 472 2218 Pro
494 2146 549 2217 illo
577 2154 673 2240 igitur
694 2154 812 2241 ingenii
835 2155 984 2218 acumine
1008 2177 1110 2242 quum
1138 2156 1256 2220 milites
1282 2156 1386 2220 exsul·
1434 2170 1436 2174 ’

214 2277 217 2282 ·
323 2268 427 2320 tantos
450 2255 601 2321 etiamin
624 2279 754 2320 summo
778 2257 859 2320 duce
882 2257 1063 2344 arriperent
1080 2257 1240 2344 quaedam
1258 2257 1385 2336 debilia,

232 2355 234 2358 ’
305 2356 308 2360 “
325 2381 407 2445 quae
419 2357 459 2421 ad
472 2357 560 2442 ipsos
578 2379 856 2445 communemque
874 2357 1049 2422 hominum
1060 2359 1281 2423 conditionem
1293 2360 1386 2442 illum

325 2461 373 2524 ad·
399 2460 479 2523 deos
506 2481 611 2544 paene
644 2459 765 2523 elatum
793 2459 1015 2537 detraherent,
1047 2473 1102 2524 aut
1133 2460 1297 2525 familiaris
1322 2461 1386 2542 joci

223 2619 230 2624 .
324 2561 462 2626 minime
484 2561 615 2647 maligni
639 2561 733 2646 plena
756 2572 848 2625 erant
869 2561 922 2625 illa
944 2561 1104 2639 carmina,
1131 2573 1186 2626 aut
1206 2563 1387 2649 superbiae,
1456 2647 1458 2651 Ι

325 2662 535 2740 crudelitatis,
558 2662 706 2726 avaritiae
728 2660 845 2748 flagitia
869 2662 923 2726 vel*
941 2663 1122 2749 peritorum
1145 2663 1267 2727 ducum
1287 2664 1388 2728 acutis

326 2764 448 2830 facetiis
463 2764 659 2850 carpebant,
690 2763 784 2827 variis
805 2763 838 2826 in
860 2766 946 2828 varia
974 2788 1084 2828 rerum
1112 2764 1389 2830 conditione‘dic·

264 2853 267 2857 .
325 2867 421 2930 teriis.
457 2865 547 2949 Quin
570 2865 676 2942 etiam,
699 2876 734 2928 ut
756 2864 876 2929 invidia
898 2865 1073 2930 hominum
1095 2878 1127 2931 et
1141 2865 1198 2930 fati
1215 2861 1388 2931 obscoenis

269 2992 271 2995 ·
327 2967 534 3033 Fescenninis
557 2967 703 3030 versibus
724 2990 741 3029 a
764 2966 884 3053 nuptiis
906 2968 1007 3032 arceri
1028 2968 1219 3054 putabatur,
1240 2968 1285 3032 sic
1306 2967 1390 3032 miliss

291 3079 294 3085 ’
326 3083 397 3134 tum
420 3069 600 3134 cantilenae
627 3068 951 3156 saltatiunculaeque,
983 3060 1063 3157 quas
1089 3093 1158 3133 non
1183 3070 1293 3135 minus
1313 3092 1390 3156 pro-

327 3195 385 3236 nas
410 3172 507 3235 luisse
535 3171 568 3234 in
594 3170 745 3234 lascivam
777 3172 1022 3256 protervitatem
1049 3171 1206 3251 vidimus,
1238 3195 1266 3235 a·
1284 3172 1388 3258 capite

326 3272 572 3360 triumphatoris
605 3273 749 3360 superbo
776 3272 916 3336 deorum
945 3273 1101 3338 invidiam
1126 3275 1275 3361 iramque
1300 3295 1391 3338 aver-

327 3372 395 3441 tere
417 3376 620 3442 videbantur.

412 3477 560 3547 Omnino
585 3498 668 3539 -vero
701 3475 831 3542 lacetias
864 3475 1011 3559 vulgares
1038 3476 1125 3564 apud
1154 3462 1324 3541 Romanos
1355 3476 1390 3541 in

330 3579 437 3644 verbis
459 3579 666 3665 potissimum
680 3577 872 3655 constitisse,
895 3577 988 3643 facile
999 3579 1057 3642 tibi
1073 3580 1281 3665 persuaseris.
1314 3579 1391 3665 Qus

329 3683 370 3746 de
392 3705 427 3745 re
451 3679 569 3745 Cicero
593 3681 677 3743 bene
706 3678 953 3743 animadvertit:
986 3678 1096 3745 »Nam
1124 3681 1228 3770 quod,
1259 3681 1392 3769 quibus·

330 3805 459 3870 cunque
481 3781 588 3846 verbis
611 3781 735 3858 dixeris,
757 3780 900 3846 facetum
921 3794 1032 3846 tamen
1054 3793 1111 3859 est,
1133 3806 1168 3846 re
1191 3783 1391 3847 continetur:

331 3884 421 3973 quod
443 3882 574 3947 mutatis
596 3882 703 3947 verbis
731 3882 831 3947 salem
851 3884 982 3960 amittit,
1014 3887 1047 3948 in
1063 3883 1172 3949 verbis
1187 3882 1288 3949 habet
1302 3885 1393 3972 lepo-

331 4010 403 4050 rem
431 4007 593 4049 omnem«
623 3984 678 4069 ⁸¹).
733 3985 904 4051 Faciamus
935 3985 1032 4072 igitur
1059 3984 1263 4050 examinandi
1292 3985 1393 4073 gratis

378 4139 415 4214 ⁸⁰)
433 4142 545 4197 Sueton.
564 4141 645 4197 Dom.
664 4161 687 4196 o.
704 4139 729 4195 8.

377 4226 415 4300 ar)
435 4226 752 4292 cte.d00rat.11‚tt.

378 4316 414 4384 ω)
433 4314 546 4371 Sueten.
566 4314 656 4372 Tiber.
675 4334 696 4370 c.
714 4313 756 4368 ts.
