<?xml version="1.0" encoding="UTF-8"?>
<!DOCTYPE html PUBLIC "-//W3C//DTD XHTML 1.0 Transitional//EN"
    "http://www.w3.org/TR/xhtml1/DTD/xhtml1-transitional.dtd">
<html xmlns="http://www.w3.org/1999/xhtml" xml:lang="en" lang="en">
 <head>
  <title>
</title>
<meta http-equiv="Content-Type" content="text/html;charset=utf-8" />
  <meta name='ocr-system' content='tesseract 3.04.00' />
  <meta name='ocr-capabilities' content='ocr_page ocr_carea ocr_par ocr_line ocrx_word'/>
</head>
<body>
  <div class='ocr_page' id='page_1' title='image "./originespoesisr00corsgoog/originespoesisr00corsgoog_0182.png"; bbox 0 0 3400 5042; ppageno 0'>
   <div class='ocr_carea' id='block_1_1' title="bbox 823 560 898 635">
    <p class='ocr_par' dir='ltr' id='par_1_1' title="bbox 823 560 898 635">
     <span class='ocr_line' id='line_1_1' title="bbox 823 560 898 635; baseline 0.027 -2"><span class='ocrx_word' id='word_1_1' title='bbox 823 560 898 635; x_wconf 77' lang='lat'>172</span> 
     </span>
    </p>
   </div>
   <div class='ocr_carea' id='block_1_2' title="bbox 330 734 1396 1129">
    <p class='ocr_par' dir='ltr' id='par_1_2' title="bbox 330 734 1396 1129">
     <span class='ocr_line' id='line_1_2' title="bbox 330 734 1396 825; baseline 0.001 -25"><span class='ocrx_word' id='word_1_2' title='bbox 330 735 441 801; x_wconf 87' lang='lat' dir='ltr'>laudes</span> <span class='ocrx_word' id='word_1_3' title='bbox 463 736 625 816; x_wconf 80' lang='lat' dir='ltr'>majorum</span> <span class='ocrx_word' id='word_1_4' title='bbox 649 747 684 799; x_wconf 92' lang='lat' dir='ltr'>ut</span> <span class='ocrx_word' id='word_1_5' title='bbox 706 734 745 799; x_wconf 91' lang='lat' dir='ltr'>de</span> <span class='ocrx_word' id='word_1_6' title='bbox 773 759 832 800; x_wconf 92' lang='lat' dir='ltr'>usu</span> <span class='ocrx_word' id='word_1_7' title='bbox 863 747 1019 801; x_wconf 88' lang='lat' dir='ltr'>vetustate</span> <span class='ocrx_word' id='word_1_8' title='bbox 1045 737 1241 825; x_wconf 89' lang='lat' dir='ltr'>jampridem</span> <span class='ocrx_word' id='word_1_9' title='bbox 1272 737 1396 802; x_wconf 89' lang='lat' dir='ltr'>obruto</span> 
     </span>
     <span class='ocr_line' id='line_1_3' title="bbox 330 836 1395 926; baseline 0.001 -26"><span class='ocrx_word' id='word_1_10' title='bbox 330 836 529 925; x_wconf 87' lang='lat' dir='ltr'>loqueretur.</span> <span class='ocrx_word' id='word_1_11' title='bbox 582 839 671 922; x_wconf 86' lang='lat' dir='ltr'>Ergo</span> <span class='ocrx_word' id='word_1_12' title='bbox 702 836 813 902; x_wconf 86' lang='lat' dir='ltr'>Punici</span> <span class='ocrx_word' id='word_1_13' title='bbox 842 837 916 901; x_wconf 89' lang='lat' dir='ltr'>belli</span> <span class='ocrx_word' id='word_1_14' title='bbox 944 839 1076 903; x_wconf 89' lang='lat' dir='ltr'>secundi</span> <span class='ocrx_word' id='word_1_15' title='bbox 1104 851 1255 926; x_wconf 88' lang='lat' dir='ltr'>tempore</span> <span class='ocrx_word' id='word_1_16' title='bbox 1284 862 1395 926; x_wconf 88' lang='lat' dir='ltr'>neque</span> 
     </span>
     <span class='ocr_line' id='line_1_4' title="bbox 331 937 1395 1027; baseline 0.001 -25"><span class='ocrx_word' id='word_1_17' title='bbox 331 938 471 1016; x_wconf 86' lang='lat' dir='ltr'>Ennius,</span> <span class='ocrx_word' id='word_1_18' title='bbox 495 937 594 1014; x_wconf 87' lang='lat' dir='ltr'>Cato,</span> <span class='ocrx_word' id='word_1_19' title='bbox 615 938 735 1002; x_wconf 80' lang='lat' dir='ltr'>Fabius</span> <span class='ocrx_word' id='word_1_20' title='bbox 759 939 881 1014; x_wconf 88' lang='lat' dir='ltr'>Pictor,</span> <span class='ocrx_word' id='word_1_21' title='bbox 908 962 1015 1027; x_wconf 85' lang='lat' dir='ltr'>neque</span> <span class='ocrx_word' id='word_1_22' title='bbox 1038 939 1117 1004; x_wconf 88' lang='lat' dir='ltr'>elius</span> <span class='ocrx_word' id='word_1_23' title='bbox 1139 940 1313 1027; x_wconf 89' lang='lat' dir='ltr'>quisquam</span> <span class='ocrx_word' id='word_1_24' title='bbox 1337 950 1395 1004; x_wconf 87' lang='lat' dir='ltr'>aut</span> 
     </span>
     <span class='ocr_line' id='line_1_5' title="bbox 331 1036 1394 1129; baseline 0.002 -27"><span class='ocrx_word' id='word_1_25' title='bbox 331 1036 407 1127; x_wconf 83' lang='lat' dir='ltr'>legit</span> <span class='ocrx_word' id='word_1_26' title='bbox 425 1050 479 1103; x_wconf 89' lang='lat' dir='ltr'>aut</span> <span class='ocrx_word' id='word_1_27' title='bbox 496 1038 618 1104; x_wconf 90' lang='lat' dir='ltr'>audivit</span> <span class='ocrx_word' id='word_1_28' title='bbox 636 1050 759 1105; x_wconf 87' lang='lat' dir='ltr'>cantata</span> <span class='ocrx_word' id='word_1_29' title='bbox 779 1041 929 1104; x_wconf 86' lang='lat' dir='ltr'>sublimia</span> <span class='ocrx_word' id='word_1_30' title='bbox 948 1052 980 1104; x_wconf 93' lang='lat' dir='ltr'>et</span> <span class='ocrx_word' id='word_1_31' title='bbox 992 1041 1122 1129; x_wconf 88' lang='lat' dir='ltr'>antiqua</span> <span class='ocrx_word' id='word_1_32' title='bbox 1136 1041 1278 1106; x_wconf 89' lang='lat' dir='ltr'>carmina</span> <span class='ocrx_word' id='word_1_33' title='bbox 1291 1041 1394 1128; x_wconf 90' lang='lat' dir='ltr'>epica.</span> 
     </span>
    </p>
   </div>
   <div class='ocr_carea' id='block_1_3' title="bbox 324 1140 1483 3778">
    <p class='ocr_par' dir='ltr' id='par_1_3' title="bbox 329 1140 1483 1933">
     <span class='ocr_line' id='line_1_6' title="bbox 414 1140 1393 1230; baseline 0.001 -26"><span class='ocrx_word' id='word_1_34' title='bbox 414 1141 659 1225; x_wconf 81' lang='lat' dir='ltr'><strong>Quamobrem,</strong></span> <span class='ocrx_word' id='word_1_35' title='bbox 681 1140 770 1230; x_wconf 91' lang='lat' dir='ltr'>quod</span> <span class='ocrx_word' id='word_1_36' title='bbox 792 1140 1008 1217; x_wconf 87' lang='lat' dir='ltr'>Niebuhrius‚</span> <span class='ocrx_word' id='word_1_37' title='bbox 1031 1154 1066 1205; x_wconf 89' lang='lat' dir='ltr'>ut</span> <span class='ocrx_word' id='word_1_38' title='bbox 1087 1166 1163 1207; x_wconf 86' lang='lat' dir='ltr'>suae</span> <span class='ocrx_word' id='word_1_39' title='bbox 1186 1142 1393 1222; x_wconf 83' lang='lat' dir='ltr'>conjecturae</span> 
     </span>
     <span class='ocr_line' id='line_1_7' title="bbox 329 1240 1394 1330; baseline 0.004 -28"><span class='ocrx_word' id='word_1_40' title='bbox 329 1241 396 1307; x_wconf 87' lang='lat' dir='ltr'>veri</span> <span class='ocrx_word' id='word_1_41' title='bbox 418 1241 560 1330; x_wconf 84' lang='lat' dir='ltr'>speciem</span> <span class='ocrx_word' id='word_1_42' title='bbox 584 1241 772 1320; x_wconf 87' lang='lat' dir='ltr'>vindicaret,</span> <span class='ocrx_word' id='word_1_43' title='bbox 792 1241 933 1330; x_wconf 87' lang='lat' dir='ltr'>probare</span> <span class='ocrx_word' id='word_1_44' title='bbox 956 1240 1093 1320; x_wconf 87' lang='lat' dir='ltr'>studuit,</span> <span class='ocrx_word' id='word_1_45' title='bbox 1116 1241 1283 1308; x_wconf 79' lang='lat' dir='ltr'>celerrime</span> <span class='ocrx_word' id='word_1_46' title='bbox 1311 1253 1394 1321; x_wconf 90' lang='lat' dir='ltr'>tum,</span> 
     </span>
     <span class='ocr_line' id='line_1_8' title="bbox 331 1342 1483 1431; baseline 0.001 -24"><span class='ocrx_word' id='word_1_47' title='bbox 331 1366 433 1430; x_wconf 89' lang='lat' dir='ltr'>quum</span> <span class='ocrx_word' id='word_1_48' title='bbox 452 1343 653 1409; x_wconf 87' lang='lat' dir='ltr'>Graecarum</span> <span class='ocrx_word' id='word_1_49' title='bbox 672 1342 838 1408; x_wconf 88' lang='lat' dir='ltr'>literarum</span> <span class='ocrx_word' id='word_1_50' title='bbox 856 1344 1048 1431; x_wconf 75' lang='lat' dir='ltr'>praestantia</span> <span class='ocrx_word' id='word_1_51' title='bbox 1062 1345 1188 1409; x_wconf 84' lang='lat' dir='ltr'>Romae</span> <span class='ocrx_word' id='word_1_52' title='bbox 1202 1355 1395 1422; x_wconf 86' lang='lat' dir='ltr'>notesceret,</span> <span class='ocrx_word' id='word_1_53' title='bbox 1481 1371 1483 1376; x_wconf 93' lang='lat'>·</span> 
     </span>
     <span class='ocr_line' id='line_1_9' title="bbox 331 1445 1394 1532; baseline 0.001 -25"><span class='ocrx_word' id='word_1_54' title='bbox 331 1445 464 1508; x_wconf 81' lang='lat' dir='ltr'>Latinos</span> <span class='ocrx_word' id='word_1_55' title='bbox 487 1445 585 1509; x_wconf 89' lang='lat' dir='ltr'>libros</span> <span class='ocrx_word' id='word_1_56' title='bbox 608 1445 640 1508; x_wconf 87' lang='lat' dir='ltr'>in</span> <span class='ocrx_word' id='word_1_57' title='bbox 664 1445 863 1508; x_wconf 90' lang='lat' dir='ltr'>oblivionem</span> <span class='ocrx_word' id='word_1_58' title='bbox 886 1446 1016 1522; x_wconf 86' lang='lat' dir='ltr'>abiisse,</span> <span class='ocrx_word' id='word_1_59' title='bbox 1045 1447 1142 1532; x_wconf 91' lang='lat' dir='ltr'>plane</span> <span class='ocrx_word' id='word_1_60' title='bbox 1164 1445 1259 1509; x_wconf 89' lang='lat' dir='ltr'>nullis</span> <span class='ocrx_word' id='word_1_61' title='bbox 1280 1445 1394 1509; x_wconf 88' lang='lat' dir='ltr'>nititur</span> 
     </span>
     <span class='ocr_line' id='line_1_10' title="bbox 330 1547 1393 1636; baseline 0.002 -26"><span class='ocrx_word' id='word_1_62' title='bbox 330 1547 362 1610; x_wconf 95' lang='lat' dir='ltr'>in</span> <span class='ocrx_word' id='word_1_63' title='bbox 385 1547 582 1633; x_wconf 74' lang='lat' dir='ltr'>argumentis</span> <span class='ocrx_word' id='word_1_64' title='bbox 599 1553 648 1624; x_wconf 76' lang='lat'>²⁸).</span> <span class='ocrx_word' id='word_1_65' title='bbox 681 1547 809 1610; x_wconf 86' lang='lat' dir='ltr'>Eodem</span> <span class='ocrx_word' id='word_1_66' title='bbox 829 1547 965 1612; x_wconf 90' lang='lat' dir='ltr'>consilio</span> <span class='ocrx_word' id='word_1_67' title='bbox 984 1549 1072 1635; x_wconf 94' lang='lat' dir='ltr'>quod</span> <span class='ocrx_word' id='word_1_68' title='bbox 1085 1549 1302 1636; x_wconf 87' lang='lat' dir='ltr'>opprobrium</span> <span class='ocrx_word' id='word_1_69' title='bbox 1316 1549 1393 1612; x_wconf 84' lang='lat' dir='ltr'>lacit</span> 
     </span>
     <span class='ocr_line' id='line_1_11' title="bbox 331 1647 1393 1737; baseline 0.002 -24"><span class='ocrx_word' id='word_1_70' title='bbox 331 1647 497 1727; x_wconf 85' lang='lat' dir='ltr'>Ciceroni,</span> <span class='ocrx_word' id='word_1_71' title='bbox 525 1673 599 1712; x_wconf 89' lang='lat' dir='ltr'>eum</span> <span class='ocrx_word' id='word_1_72' title='bbox 623 1649 799 1712; x_wconf 82' lang='lat' dir='ltr'>domestica</span> <span class='ocrx_word' id='word_1_73' title='bbox 822 1673 900 1735; x_wconf 89' lang='lat' dir='ltr'>prae</span> <span class='ocrx_word' id='word_1_74' title='bbox 923 1650 1057 1714; x_wconf 87' lang='lat' dir='ltr'>Graecis</span> <span class='ocrx_word' id='word_1_75' title='bbox 1079 1653 1183 1737; x_wconf 89' lang='lat' dir='ltr'>poetis</span> <span class='ocrx_word' id='word_1_76' title='bbox 1204 1651 1393 1737; x_wconf 77' lang='lat' dir='ltr'>neglexisse,</span> 
     </span>
     <span class='ocr_line' id='line_1_12' title="bbox 330 1752 1392 1838; baseline 0.003 -25"><span class='ocrx_word' id='word_1_77' title='bbox 330 1775 449 1815; x_wconf 88' lang='lat' dir='ltr'>vanum</span> <span class='ocrx_word' id='word_1_78' title='bbox 479 1776 561 1830; x_wconf 86' lang='lat' dir='ltr'>esse,</span> <span class='ocrx_word' id='word_1_79' title='bbox 595 1752 780 1838; x_wconf 88' lang='lat' dir='ltr'>quicunque</span> <span class='ocrx_word' id='word_1_80' title='bbox 809 1754 878 1831; x_wconf 90' lang='lat' dir='ltr'>ejus</span> <span class='ocrx_word' id='word_1_81' title='bbox 907 1752 1006 1816; x_wconf 88' lang='lat' dir='ltr'>libros</span> <span class='ocrx_word' id='word_1_82' title='bbox 1036 1753 1161 1838; x_wconf 90' lang='lat' dir='ltr'>legerit,</span> <span class='ocrx_word' id='word_1_83' title='bbox 1193 1752 1286 1817; x_wconf 81' lang='lat' dir='ltr'>facile</span> <span class='ocrx_word' id='word_1_84' title='bbox 1313 1774 1392 1817; x_wconf 85' lang='lat' dir='ltr'>con-</span> 
     </span>
     <span class='ocr_line' id='line_1_13' title="bbox 330 1853 487 1933; baseline 0.032 -16"><span class='ocrx_word' id='word_1_85' title='bbox 330 1853 424 1918; x_wconf 88' lang='lat' dir='ltr'>cedet</span> <span class='ocrx_word' id='word_1_86' title='bbox 439 1860 487 1933; x_wconf 79' lang='lat'>²⁹).</span> 
     </span>
    </p>

    <p class='ocr_par' dir='ltr' id='par_1_4' title="bbox 324 1955 1392 3778">
     <span class='ocr_line' id='line_1_14' title="bbox 413 1955 1390 2044; baseline 0 -24"><span class='ocrx_word' id='word_1_87' title='bbox 413 1958 527 2020; x_wconf 87' lang='lat' dir='ltr'>Restat</span> <span class='ocrx_word' id='word_1_88' title='bbox 548 1956 690 2044; x_wconf 92' lang='lat' dir='ltr'>denique</span> <span class='ocrx_word' id='word_1_89' title='bbox 718 1955 798 2035; x_wconf 87' lang='lat' dir='ltr'>hoc,</span> <span class='ocrx_word' id='word_1_90' title='bbox 832 1957 920 2043; x_wconf 90' lang='lat' dir='ltr'>quod</span> <span class='ocrx_word' id='word_1_91' title='bbox 952 1955 1209 2032; x_wconf 78' lang='lat' dir='ltr'>demonstretur,</span> <span class='ocrx_word' id='word_1_92' title='bbox 1241 1955 1390 2020; x_wconf 83' lang='lat' dir='ltr'>Ennium</span> 
     </span>
     <span class='ocr_line' id='line_1_15' title="bbox 328 2038 1391 2146; baseline 0 -23"><span class='ocrx_word' id='word_1_93' title='bbox 328 2081 440 2123; x_wconf 87' lang='lat' dir='ltr'>revera</span> <span class='ocrx_word' id='word_1_94' title='bbox 462 2058 608 2145; x_wconf 87' lang='lat' dir='ltr'>primurn</span> <span class='ocrx_word' id='word_1_95' title='bbox 631 2057 736 2135; x_wconf 81' lang='lat' dir='ltr'>fuisse,</span> <span class='ocrx_word' id='word_1_96' title='bbox 760 2059 814 2146; x_wconf 93' lang='lat' dir='ltr'>qui</span> <span class='ocrx_word' id='word_1_97' title='bbox 837 2058 930 2121; x_wconf 87' lang='lat' dir='ltr'>editis</span> <span class='ocrx_word' id='word_1_98' title='bbox 952 2057 1122 2122; x_wconf 86' lang='lat' dir='ltr'>annalibus</span> <span class='ocrx_word' id='word_1_99' title='bbox 1140 2038 1391 2144; x_wconf 78' lang='lat' dir='ltr'>suis&#39;poerarum</span> 
     </span>
     <span class='ocr_line' id='line_1_16' title="bbox 329 2159 1392 2248; baseline -0.003 -23"><span class='ocrx_word' id='word_1_100' title='bbox 329 2159 454 2225; x_wconf 91' lang='lat' dir='ltr'>nomini</span> <span class='ocrx_word' id='word_1_101' title='bbox 478 2171 571 2224; x_wconf 89' lang='lat' dir='ltr'>antea</span> <span class='ocrx_word' id='word_1_102' title='bbox 594 2159 644 2222; x_wconf 90' lang='lat' dir='ltr'>vel</span> <span class='ocrx_word' id='word_1_103' title='bbox 666 2159 827 2223; x_wconf 89' lang='lat' dir='ltr'>invidioso</span> <span class='ocrx_word' id='word_1_104' title='bbox 851 2161 938 2248; x_wconf 88' lang='lat' dir='ltr'>apud</span> <span class='ocrx_word' id='word_1_105' title='bbox 964 2161 1133 2223; x_wconf 86' lang='lat' dir='ltr'>Romanos</span> <span class='ocrx_word' id='word_1_106' title='bbox 1156 2159 1302 2223; x_wconf 87' lang='lat' dir='ltr'>debitum</span> <span class='ocrx_word' id='word_1_107' title='bbox 1321 2159 1392 2222; x_wconf 87' lang='lat' dir='ltr'>vin-</span> 
     </span>
     <span class='ocr_line' id='line_1_17' title="bbox 329 2259 1390 2348; baseline 0.001 -24"><span class='ocrx_word' id='word_1_108' title='bbox 329 2261 481 2325; x_wconf 84' lang='lat' dir='ltr'>dicaverit</span> <span class='ocrx_word' id='word_1_109' title='bbox 502 2259 678 2326; x_wconf 84' lang='lat' dir='ltr'>bonorem.</span> <span class='ocrx_word' id='word_1_110' title='bbox 726 2262 809 2327; x_wconf 90' lang='lat' dir='ltr'>Sunt</span> <span class='ocrx_word' id='word_1_111' title='bbox 836 2262 922 2325; x_wconf 89' lang='lat' dir='ltr'>enirn</span> <span class='ocrx_word' id='word_1_112' title='bbox 956 2261 1159 2347; x_wconf 88' lang='lat' dir='ltr'>optimorum</span> <span class='ocrx_word' id='word_1_113' title='bbox 1192 2263 1390 2348; x_wconf 85' lang='lat' dir='ltr'>scriptorum</span> 
     </span>
     <span class='ocr_line' id='line_1_18' title="bbox 328 2361 1389 2450; baseline 0 -24"><span class='ocrx_word' id='word_1_114' title='bbox 328 2362 408 2441; x_wconf 91' lang='lat' dir='ltr'>loci,</span> <span class='ocrx_word' id='word_1_115' title='bbox 447 2362 501 2450; x_wconf 92' lang='lat' dir='ltr'>qui</span> <span class='ocrx_word' id='word_1_116' title='bbox 530 2362 619 2427; x_wconf 87' lang='lat' dir='ltr'>nullo</span> <span class='ocrx_word' id='word_1_117' title='bbox 647 2363 749 2427; x_wconf 89' lang='lat' dir='ltr'>modo</span> <span class='ocrx_word' id='word_1_118' title='bbox 776 2362 808 2427; x_wconf 92' lang='lat' dir='ltr'>id</span> <span class='ocrx_word' id='word_1_119' title='bbox 838 2362 872 2426; x_wconf 91' lang='lat' dir='ltr'>in</span> <span class='ocrx_word' id='word_1_120' title='bbox 900 2361 1029 2426; x_wconf 90' lang='lat' dir='ltr'>honore</span> <span class='ocrx_word' id='word_1_121' title='bbox 1062 2362 1176 2439; x_wconf 84' lang='lat' dir='ltr'>fuisse,</span> <span class='ocrx_word' id='word_1_122' title='bbox 1212 2373 1389 2450; x_wconf 84' lang='lat' dir='ltr'>antequam</span> 
     </span>
     <span class='ocr_line' id='line_1_19' title="bbox 329 2463 1392 2541; baseline -0.001 -12"><span class='ocrx_word' id='word_1_123' title='bbox 329 2463 475 2529; x_wconf 86' lang='lat' dir='ltr'>Graecae</span> <span class='ocrx_word' id='word_1_124' title='bbox 497 2463 607 2529; x_wconf 87' lang='lat' dir='ltr'>literae</span> <span class='ocrx_word' id='word_1_125' title='bbox 630 2464 662 2528; x_wconf 93' lang='lat' dir='ltr'>in</span> <span class='ocrx_word' id='word_1_126' title='bbox 686 2465 802 2528; x_wconf 89' lang='lat' dir='ltr'>urbem</span> <span class='ocrx_word' id='word_1_127' title='bbox 826 2475 1013 2541; x_wconf 85' lang='lat' dir='ltr'>manarent,</span> <span class='ocrx_word' id='word_1_128' title='bbox 1035 2463 1122 2528; x_wconf 87' lang='lat' dir='ltr'>haud</span> <span class='ocrx_word' id='word_1_129' title='bbox 1146 2465 1282 2529; x_wconf 82' lang='lat' dir='ltr'>obscure</span> <span class='ocrx_word' id='word_1_130' title='bbox 1303 2464 1392 2529; x_wconf 89' lang='lat' dir='ltr'>indi·</span> 
     </span>
     <span class='ocr_line' id='line_1_20' title="bbox 328 2566 1389 2654; baseline 0 -23"><span class='ocrx_word' id='word_1_131' title='bbox 328 2577 419 2642; x_wconf 88' lang='lat' dir='ltr'>cant;</span> <span class='ocrx_word' id='word_1_132' title='bbox 452 2588 569 2631; x_wconf 89' lang='lat' dir='ltr'>eorum</span> <span class='ocrx_word' id='word_1_133' title='bbox 596 2589 674 2630; x_wconf 91' lang='lat' dir='ltr'>vero</span> <span class='ocrx_word' id='word_1_134' title='bbox 703 2589 814 2630; x_wconf 88' lang='lat' dir='ltr'>sensus</span> <span class='ocrx_word' id='word_1_135' title='bbox 841 2589 902 2653; x_wconf 91' lang='lat' dir='ltr'>per</span> <span class='ocrx_word' id='word_1_136' title='bbox 923 2566 1115 2654; x_wconf 88' lang='lat' dir='ltr'>opinionem</span> <span class='ocrx_word' id='word_1_137' title='bbox 1137 2566 1389 2651; x_wconf 84' lang='lat' dir='ltr'>praejudicatam</span> 
     </span>
     <span class='ocr_line' id='line_1_21' title="bbox 327 2667 1389 2754; baseline 0.002 -22"><span class='ocrx_word' id='word_1_138' title='bbox 327 2679 452 2732; x_wconf 91' lang='lat' dir='ltr'>temere</span> <span class='ocrx_word' id='word_1_139' title='bbox 485 2667 612 2732; x_wconf 89' lang='lat' dir='ltr'>distorti</span> <span class='ocrx_word' id='word_1_140' title='bbox 641 2680 723 2732; x_wconf 89' lang='lat' dir='ltr'>sunt.</span> <span class='ocrx_word' id='word_1_141' title='bbox 778 2667 855 2754; x_wconf 88' lang='lat' dir='ltr'>Quo</span> <span class='ocrx_word' id='word_1_142' title='bbox 884 2667 917 2732; x_wconf 92' lang='lat' dir='ltr'>in</span> <span class='ocrx_word' id='word_1_143' title='bbox 946 2685 1065 2754; x_wconf 88' lang='lat' dir='ltr'>genere</span> <span class='ocrx_word' id='word_1_144' title='bbox 1093 2667 1212 2733; x_wconf 90' lang='lat' dir='ltr'>Cicero</span> <span class='ocrx_word' id='word_1_145' title='bbox 1244 2668 1318 2732; x_wconf 85' lang='lat' dir='ltr'>loco</span> <span class='ocrx_word' id='word_1_146' title='bbox 1347 2669 1389 2734; x_wconf 91' lang='lat' dir='ltr'>de</span> 
     </span>
     <span class='ocr_line' id='line_1_22' title="bbox 328 2768 1388 2857; baseline 0.002 -23"><span class='ocrx_word' id='word_1_147' title='bbox 328 2769 525 2834; x_wconf 88' lang='lat' dir='ltr'>carminibus</span> <span class='ocrx_word' id='word_1_148' title='bbox 558 2768 780 2834; x_wconf 84' lang='lat' dir='ltr'>convivalibus</span> <span class='ocrx_word' id='word_1_149' title='bbox 812 2793 909 2857; x_wconf 90' lang='lat' dir='ltr'>supra</span> <span class='ocrx_word' id='word_1_150' title='bbox 938 2782 1122 2834; x_wconf 90' lang='lat' dir='ltr'>memorato</span> <span class='ocrx_word' id='word_1_151' title='bbox 1149 2770 1239 2835; x_wconf 90' lang='lat' dir='ltr'>addit</span> <span class='ocrx_word' id='word_1_152' title='bbox 1266 2771 1388 2836; x_wconf 88' lang='lat' dir='ltr'>verba:</span> 
     </span>
     <span class='ocr_line' id='line_1_23' title="bbox 327 2870 1389 2958; baseline 0.006 -26"><span class='ocrx_word' id='word_1_153' title='bbox 327 2870 509 2936; x_wconf 82' lang='lat' dir='ltr'>»honorem</span> <span class='ocrx_word' id='word_1_154' title='bbox 532 2883 643 2935; x_wconf 85' lang='lat' dir='ltr'>tamen</span> <span class='ocrx_word' id='word_1_155' title='bbox 664 2870 739 2935; x_wconf 87' lang='lat' dir='ltr'>huic</span> <span class='ocrx_word' id='word_1_156' title='bbox 761 2871 871 2958; x_wconf 79' lang='lat' dir='ltr'>generi</span> <span class='ocrx_word' id='word_1_157' title='bbox 894 2895 961 2936; x_wconf 92' lang='lat' dir='ltr'>non</span> <span class='ocrx_word' id='word_1_158' title='bbox 990 2873 1086 2937; x_wconf 84' lang='lat' dir='ltr'>fuisse</span> <span class='ocrx_word' id='word_1_159' title='bbox 1114 2871 1257 2938; x_wconf 88' lang='lat' dir='ltr'>declarat</span> <span class='ocrx_word' id='word_1_160' title='bbox 1282 2876 1389 2938; x_wconf 82' lang='lat' dir='ltr'>oratio</span> 
     </span>
     <span class='ocr_line' id='line_1_24' title="bbox 328 2972 1388 3063; baseline 0.002 -25"><span class='ocrx_word' id='word_1_161' title='bbox 328 2972 479 3052; x_wconf 89' lang='lat' dir='ltr'>Catonis,</span> <span class='ocrx_word' id='word_1_162' title='bbox 507 2974 539 3037; x_wconf 92' lang='lat' dir='ltr'>in</span> <span class='ocrx_word' id='word_1_163' title='bbox 562 2997 625 3061; x_wconf 89' lang='lat' dir='ltr'>qua</span> <span class='ocrx_word' id='word_1_164' title='bbox 649 2973 760 3054; x_wconf 89' lang='lat' dir='ltr'>objicit</span> <span class='ocrx_word' id='word_1_165' title='bbox 781 2987 815 3037; x_wconf 90' lang='lat' dir='ltr'>ut</span> <span class='ocrx_word' id='word_1_166' title='bbox 837 2975 998 3060; x_wconf 87' lang='lat' dir='ltr'>probrum</span> <span class='ocrx_word' id='word_1_167' title='bbox 1021 2976 1066 3039; x_wconf 89' lang='lat' dir='ltr'>M.</span> <span class='ocrx_word' id='word_1_168' title='bbox 1089 2975 1268 3053; x_wconf 87' lang='lat' dir='ltr'>Nobiliori,</span> <span class='ocrx_word' id='word_1_169' title='bbox 1296 2978 1388 3063; x_wconf 94' lang='lat' dir='ltr'>quod</span> 
     </span>
     <span class='ocr_line' id='line_1_25' title="bbox 325 3072 1387 3163; baseline 0.004 -24"><span class='ocrx_word' id='word_1_170' title='bbox 325 3077 351 3140; x_wconf 94' lang='lat' dir='ltr'>is</span> <span class='ocrx_word' id='word_1_171' title='bbox 374 3077 405 3139; x_wconf 93' lang='lat' dir='ltr'>in</span> <span class='ocrx_word' id='word_1_172' title='bbox 428 3072 629 3163; x_wconf 89' lang='lat' dir='ltr'>provinciam</span> <span class='ocrx_word' id='word_1_173' title='bbox 652 3088 766 3162; x_wconf 89' lang='lat' dir='ltr'>poetas</span> <span class='ocrx_word' id='word_1_174' title='bbox 788 3076 946 3140; x_wconf 67' lang='lat' dir='ltr'>duxisset«</span> <span class='ocrx_word' id='word_1_175' title='bbox 962 3083 1010 3154; x_wconf 81' lang='lat'><strong>³⁰).</strong></span> <span class='ocrx_word' id='word_1_176' title='bbox 1055 3077 1115 3140; x_wconf 88' lang='lat' dir='ltr'>Hic</span> <span class='ocrx_word' id='word_1_177' title='bbox 1137 3077 1278 3158; x_wconf 80' lang='lat' dir='ltr'>objicere</span> <span class='ocrx_word' id='word_1_178' title='bbox 1300 3079 1387 3144; x_wconf 89' lang='lat' dir='ltr'>miro</span> 
     </span>
     <span class='ocr_line' id='line_1_26' title="bbox 325 3177 1388 3268; baseline 0.004 -26"><span class='ocrx_word' id='word_1_179' title='bbox 325 3178 460 3243; x_wconf 86' lang='lat' dir='ltr'>arbitrio</span> <span class='ocrx_word' id='word_1_180' title='bbox 483 3179 640 3243; x_wconf 84' lang='lat' dir='ltr'>Kreusius</span> <span class='ocrx_word' id='word_1_181' title='bbox 662 3177 814 3242; x_wconf 89' lang='lat' dir='ltr'>Ciceroni</span> <span class='ocrx_word' id='word_1_182' title='bbox 836 3178 947 3256; x_wconf 82' lang='lat' dir='ltr'>audet,</span> <span class='ocrx_word' id='word_1_183' title='bbox 976 3179 1065 3264; x_wconf 90' lang='lat' dir='ltr'>quod</span> <span class='ocrx_word' id='word_1_184' title='bbox 1088 3179 1214 3244; x_wconf 88' lang='lat' dir='ltr'>diversa</span> <span class='ocrx_word' id='word_1_185' title='bbox 1236 3193 1388 3268; x_wconf 88' lang='lat' dir='ltr'>tempora</span> 
     </span>
     <span class='ocr_line' id='line_1_27' title="bbox 325 3279 1386 3369; baseline 0.004 -25"><span class='ocrx_word' id='word_1_186' title='bbox 325 3281 521 3359; x_wconf 80' lang='lat' dir='ltr'>confundat,</span> <span class='ocrx_word' id='word_1_187' title='bbox 558 3305 659 3369; x_wconf 89' lang='lat' dir='ltr'>quum</span> <span class='ocrx_word' id='word_1_188' title='bbox 688 3279 774 3345; x_wconf 85' lang='lat' dir='ltr'>Cato</span> <span class='ocrx_word' id='word_1_189' title='bbox 802 3279 841 3343; x_wconf 91' lang='lat' dir='ltr'>de</span> <span class='ocrx_word' id='word_1_190' title='bbox 871 3292 974 3345; x_wconf 88' lang='lat' dir='ltr'>aetate</span> <span class='ocrx_word' id='word_1_191' title='bbox 1008 3281 1119 3344; x_wconf 88' lang='lat' dir='ltr'>multis</span> <span class='ocrx_word' id='word_1_192' title='bbox 1148 3283 1282 3346; x_wconf 87' lang='lat' dir='ltr'>saeculis</span> <span class='ocrx_word' id='word_1_193' title='bbox 1312 3295 1386 3349; x_wconf 85' lang='lat' dir='ltr'>ante</span> 
     </span>
     <span class='ocr_line' id='line_1_28' title="bbox 325 3381 1388 3470; baseline 0.003 -23"><span class='ocrx_word' id='word_1_194' title='bbox 325 3407 416 3448; x_wconf 87' lang='lat' dir='ltr'>suam</span> <span class='ocrx_word' id='word_1_195' title='bbox 444 3384 611 3470; x_wconf 88' lang='lat' dir='ltr'>loquatur,</span> <span class='ocrx_word' id='word_1_196' title='bbox 646 3381 764 3447; x_wconf 90' lang='lat' dir='ltr'>Cicero</span> <span class='ocrx_word' id='word_1_197' title='bbox 792 3382 833 3446; x_wconf 88' lang='lat' dir='ltr'>de</span> <span class='ocrx_word' id='word_1_198' title='bbox 861 3383 959 3469; x_wconf 89' lang='lat' dir='ltr'>ipsius</span> <span class='ocrx_word' id='word_1_199' title='bbox 988 3381 1122 3448; x_wconf 88' lang='lat' dir='ltr'>Catonis</span> <span class='ocrx_word' id='word_1_200' title='bbox 1143 3388 1196 3463; x_wconf 80' lang='lat'>³¹).</span> <span class='ocrx_word' id='word_1_201' title='bbox 1251 3385 1388 3450; x_wconf 85' lang='lat' dir='ltr'>Addita-</span> 
     </span>
     <span class='ocr_line' id='line_1_29' title="bbox 325 3485 1388 3572; baseline 0.005 -24"><span class='ocrx_word' id='word_1_202' title='bbox 325 3497 474 3550; x_wconf 91' lang='lat' dir='ltr'>mentum</span> <span class='ocrx_word' id='word_1_203' title='bbox 497 3485 584 3549; x_wconf 86' lang='lat' dir='ltr'>enim</span> <span class='ocrx_word' id='word_1_204' title='bbox 607 3485 695 3563; x_wconf 90' lang='lat' dir='ltr'>illud,</span> <span class='ocrx_word' id='word_1_205' title='bbox 718 3486 771 3572; x_wconf 90' lang='lat' dir='ltr'>qui</span> <span class='ocrx_word' id='word_1_206' title='bbox 794 3486 897 3549; x_wconf 88' lang='lat' dir='ltr'>modo</span> <span class='ocrx_word' id='word_1_207' title='bbox 920 3485 1005 3549; x_wconf 88' lang='lat' dir='ltr'>sanis</span> <span class='ocrx_word' id='word_1_208' title='bbox 1027 3486 1127 3549; x_wconf 89' lang='lat' dir='ltr'>utitur</span> <span class='ocrx_word' id='word_1_209' title='bbox 1149 3488 1265 3565; x_wconf 90' lang='lat' dir='ltr'>oculis,</span> <span class='ocrx_word' id='word_1_210' title='bbox 1295 3489 1388 3553; x_wconf 87' lang='lat' dir='ltr'>videt</span> 
     </span>
     <span class='ocr_line' id='line_1_30' title="bbox 325 3587 1386 3674; baseline 0.006 -24"><span class='ocrx_word' id='word_1_211' title='bbox 325 3588 388 3652; x_wconf 88' lang='lat' dir='ltr'>hoc</span> <span class='ocrx_word' id='word_1_212' title='bbox 410 3600 537 3651; x_wconf 87' lang='lat' dir='ltr'>tanturn</span> <span class='ocrx_word' id='word_1_213' title='bbox 559 3611 620 3674; x_wconf 91' lang='lat' dir='ltr'>pro</span> <span class='ocrx_word' id='word_1_214' title='bbox 643 3587 704 3651; x_wconf 92' lang='lat' dir='ltr'>loci</span> <span class='ocrx_word' id='word_1_215' title='bbox 727 3611 876 3650; x_wconf 88' lang='lat' dir='ltr'>connexu</span> <span class='ocrx_word' id='word_1_216' title='bbox 899 3588 1094 3673; x_wconf 84' lang='lat' dir='ltr'>significare:</span> <span class='ocrx_word' id='word_1_217' title='bbox 1117 3613 1184 3652; x_wconf 95' lang='lat' dir='ltr'>non</span> <span class='ocrx_word' id='word_1_218' title='bbox 1207 3589 1239 3653; x_wconf 91' lang='lat' dir='ltr'>in</span> <span class='ocrx_word' id='word_1_219' title='bbox 1258 3590 1386 3657; x_wconf 89' lang='lat' dir='ltr'>honore</span> 
     </span>
     <span class='ocr_line' id='line_1_31' title="bbox 324 3690 1386 3778; baseline 0.004 -24"><span class='ocrx_word' id='word_1_220' title='bbox 324 3692 421 3754; x_wconf 79' lang='lat' dir='ltr'>luisse</span> <span class='ocrx_word' id='word_1_221' title='bbox 444 3690 674 3778; x_wconf 87' lang='lat' dir='ltr'>antiquissimis</span> <span class='ocrx_word' id='word_1_222' title='bbox 697 3690 900 3776; x_wconf 87' lang='lat' dir='ltr'>temporibus</span> <span class='ocrx_word' id='word_1_223' title='bbox 922 3703 1094 3777; x_wconf 89' lang='lat' dir='ltr'>poctarum</span> <span class='ocrx_word' id='word_1_224' title='bbox 1119 3715 1258 3771; x_wconf 89' lang='lat' dir='ltr'>nomen,</span> <span class='ocrx_word' id='word_1_225' title='bbox 1285 3693 1386 3759; x_wconf 88' lang='lat' dir='ltr'>etiam</span> 
     </span>
    </p>
   </div>
   <div class='ocr_carea' id='block_1_4' title="bbox 368 3958 1386 4386">
    <p class='ocr_par' dir='ltr' id='par_1_5' title="bbox 368 3958 878 4030">
     <span class='ocr_line' id='line_1_32' title="bbox 368 3958 878 4030; baseline 0.002 -19"><span class='ocrx_word' id='word_1_226' title='bbox 368 3959 391 3992; x_wconf 74' lang='lat'>²⁸</span> <span class='ocrx_word' id='word_1_227' title='bbox 424 3958 503 4012; x_wconf 88' lang='lat' dir='ltr'>Nieb.</span> <span class='ocrx_word' id='word_1_228' title='bbox 522 3959 593 4014; x_wconf 88' lang='lat' dir='ltr'>Hist.</span> <span class='ocrx_word' id='word_1_229' title='bbox 613 3960 690 4013; x_wconf 86' lang='lat' dir='ltr'>Rom.</span> <span class='ocrx_word' id='word_1_230' title='bbox 709 3959 756 4013; x_wconf 87' lang='lat' dir='ltr'>Ill.</span> <span class='ocrx_word' id='word_1_231' title='bbox 775 3979 800 4030; x_wconf 87' lang='lat' dir='ltr'>p.</span> <span class='ocrx_word' id='word_1_232' title='bbox 818 3959 878 4013; x_wconf 82' lang='lat'><strong>366.</strong></span> 
     </span>
    </p>

    <p class='ocr_par' dir='ltr' id='par_1_6' title="bbox 380 4047 1367 4122">
     <span class='ocr_line' id='line_1_33' title="bbox 380 4047 1367 4122; baseline 0.005 -23"><span class='ocrx_word' id='word_1_233' title='bbox 380 4047 391 4080; x_wconf 83' lang='lat'>⁹</span> <span class='ocrx_word' id='word_1_234' title='bbox 425 4047 478 4100; x_wconf 89' lang='lat' dir='ltr'>Vel</span> <span class='ocrx_word' id='word_1_235' title='bbox 495 4048 621 4102; x_wconf 86' lang='lat' dir='ltr'>Krausiua</span> <span class='ocrx_word' id='word_1_236' title='bbox 638 4048 689 4104; x_wconf 88' lang='lat' dir='ltr'>hac</span> <span class='ocrx_word' id='word_1_237' title='bbox 707 4049 734 4102; x_wconf 92' lang='lat' dir='ltr'>in</span> <span class='ocrx_word' id='word_1_238' title='bbox 754 4068 783 4102; x_wconf 85' lang='lat' dir='ltr'>re</span> <span class='ocrx_word' id='word_1_239' title='bbox 802 4047 917 4102; x_wconf 88' lang='lat' dir='ltr'>discedit</span> <span class='ocrx_word' id='word_1_240' title='bbox 934 4069 949 4102; x_wconf 89' lang='lat' dir='ltr'>a</span> <span class='ocrx_word' id='word_1_241' title='bbox 967 4048 1109 4102; x_wconf 87' lang='lat' dir='ltr'>Niebubrii</span> <span class='ocrx_word' id='word_1_242' title='bbox 1131 4051 1263 4104; x_wconf 87' lang='lat' dir='ltr'>sententia</span> <span class='ocrx_word' id='word_1_243' title='bbox 1282 4072 1307 4122; x_wconf 88' lang='lat' dir='ltr'>p.</span> <span class='ocrx_word' id='word_1_244' title='bbox 1324 4051 1367 4104; x_wconf 82' lang='lat'>97.</span> 
     </span>
    </p>

    <p class='ocr_par' dir='ltr' id='par_1_7' title="bbox 381 4133 688 4198">
     <span class='ocr_line' id='line_1_34' title="bbox 381 4133 688 4198; baseline 0.003 -11"><span class='ocrx_word' id='word_1_245' title='bbox 381 4137 391 4166; x_wconf 87' lang='lat'>⁰</span> <span class='ocrx_word' id='word_1_246' title='bbox 425 4133 482 4188; x_wconf 86' lang='lat' dir='ltr'>Cic.</span> <span class='ocrx_word' id='word_1_247' title='bbox 501 4136 579 4190; x_wconf 87' lang='lat' dir='ltr'>Tusc.</span> <span class='ocrx_word' id='word_1_248' title='bbox 599 4136 646 4198; x_wconf 88' lang='lat' dir='ltr'>lv,</span> <span class='ocrx_word' id='word_1_249' title='bbox 664 4139 688 4188; x_wconf 75' lang='lat'>2.</span> 
     </span>
    </p>

    <p class='ocr_par' dir='ltr' id='par_1_8' title="bbox 382 4222 1386 4386">
     <span class='ocr_line' id='line_1_35' title="bbox 382 4222 1386 4299; baseline 0.007 -23"><span class='ocrx_word' id='word_1_250' title='bbox 382 4223 389 4253; x_wconf 92' lang='lat'>¹</span> <span class='ocrx_word' id='word_1_251' title='bbox 426 4222 467 4277; x_wconf 80' lang='lat' dir='ltr'>Cf.</span> <span class='ocrx_word' id='word_1_252' title='bbox 486 4224 590 4277; x_wconf 88' lang='lat' dir='ltr'>Krause</span> <span class='ocrx_word' id='word_1_253' title='bbox 609 4244 634 4296; x_wconf 88' lang='lat' dir='ltr'>p.</span> <span class='ocrx_word' id='word_1_254' title='bbox 652 4225 694 4277; x_wconf 77' lang='lat' dir='ltr'>bd.</span> <span class='ocrx_word' id='word_1_255' title='bbox 715 4237 770 4278; x_wconf 89' lang='lat' dir='ltr'>not.</span> <span class='ocrx_word' id='word_1_256' title='bbox 806 4224 836 4277; x_wconf 90' lang='lat' dir='ltr'>Iu</span> <span class='ocrx_word' id='word_1_257' title='bbox 861 4244 950 4279; x_wconf 82' lang='lat' dir='ltr'>sanam</span> <span class='ocrx_word' id='word_1_258' title='bbox 975 4227 1135 4280; x_wconf 88' lang='lat' dir='ltr'>sententiam</span> <span class='ocrx_word' id='word_1_259' title='bbox 1158 4226 1274 4299; x_wconf 81' lang='lat' dir='ltr'>disputat</span> <span class='ocrx_word' id='word_1_260' title='bbox 1296 4227 1329 4282; x_wconf 88' lang='lat' dir='ltr'>de</span> <span class='ocrx_word' id='word_1_261' title='bbox 1353 4250 1386 4283; x_wconf 83' lang='lat' dir='ltr'>ea</span> 
     </span>
     <span class='ocr_line' id='line_1_36' title="bbox 426 4310 1082 4386; baseline 0.006 -22"><span class='ocrx_word' id='word_1_262' title='bbox 426 4331 455 4366; x_wconf 85' lang='lat' dir='ltr'>re</span> <span class='ocrx_word' id='word_1_263' title='bbox 473 4311 590 4368; x_wconf 85' lang='lat' dir='ltr'>Ulricius</span> <span class='ocrx_word' id='word_1_264' title='bbox 609 4311 689 4366; x_wconf 85' lang='lat' dir='ltr'>Char.</span> <span class='ocrx_word' id='word_1_265' title='bbox 708 4311 733 4366; x_wconf 88' lang='lat' dir='ltr'>d.</span> <span class='ocrx_word' id='word_1_266' title='bbox 752 4311 796 4367; x_wconf 90' lang='lat' dir='ltr'>alt.</span> <span class='ocrx_word' id='word_1_267' title='bbox 816 4310 979 4385; x_wconf 80' lang='lat' dir='ltr'>Historiogr.</span> <span class='ocrx_word' id='word_1_268' title='bbox 997 4336 1023 4386; x_wconf 88' lang='lat' dir='ltr'>p.</span> <span class='ocrx_word' id='word_1_269' title='bbox 1041 4314 1082 4370; x_wconf 81' lang='grc'>98.</span> 
     </span>
    </p>
   </div>
   <div class='ocr_carea' id='block_1_5' title="bbox 0 0 1704 5042">
    <p class='ocr_par' dir='ltr' id='par_1_9' title="bbox 0 0 1704 5042">
     <span class='ocr_line' id='line_1_37' title="bbox 0 0 1704 5042; baseline 0 2"><span class='ocrx_word' id='word_1_270' title='bbox 0 0 1704 5042; x_wconf 95' lang='lat' dir='ltr'> </span> 
     </span>
    </p>
   </div>
  </div>
 </body>
</html>
