3400 5042
836 523 911 602 tas

341 699 462 767 tudinis
483 696 649 789 quandam
671 697 812 785 speciem
834 697 919 764 inter
945 699 1062 764 ambos
1088 699 1175 765 viros
1203 701 1407 767 interceden-

341 813 409 868 tem
431 800 592 877 simulant,
614 820 716 887 quum
737 820 798 886 per
816 798 900 864 vices
918 800 1088 864 contrariis
1101 800 1294 889 locisposita
1306 803 1405 890 plane

341 903 505 971 diversum
528 900 783 988 oppositumque
803 901 982 987 praebeant
1003 924 1144 967 sensum.
1184 983 1187 988 ι
1377 891 1381 898 ’

423 1005 484 1068 Est
510 1025 588 1067 vero
618 1001 701 1066 haec
728 1000 865 1096 ornnino
894 1001 1167 1088 epigrammatum
1194 1006 1327 1093 propria
1356 1007 1405 1070 fa-

342 1107 442 1174 cultas
464 1128 502 1170 ac
524 1104 647 1180 forma,
662 1113 715 1166 ut
735 1101 818 1167 duos
842 1101 993 1168 homines
1015 1103 1187 1193 loquentes
1210 1107 1323 1171 audire
1343 1108 1404 1172 tibi

341 1207 497 1286 ridearis,
529 1227 671 1295 quorum
698 1226 800 1292 quum
829 1203 911 1268 alter
938 1216 993 1269 aut
1020 1206 1216 1294 quaesiverit
1249 1207 1289 1272 de
1323 1231 1404 1296 qua-

341 1332 470 1398 cunque
486 1331 530 1385 re,
551 1317 606 1372 aut
617 1305 859 1395 praedicaverit,
881 1307 970 1394 quod
983 1309 1257 1395 exspectationem
1269 1309 1404 1374 audien-

340 1415 423 1480 tium
444 1409 603 1486 intendat,
634 1401 715 1472 alter
735 1418 866 1494 praeter
892 1411 1165 1495 exspectationem
1188 1412 1262 1490 joco
1284 1423 1339 1474 aut
1361 1413 1404 1475 ad

341 1516 538 1599 interrogata
563 1509 775 1596 respondeat,
806 1521 862 1572 aut
889 1510 973 1574 dicta
1003 1511 1086 1574 illius
1109 1512 1254 1598 explicet.
1299 1510 1403 1593 Cujus

341 1617 387 1683 rei
410 1614 597 1700 exemplum
620 1623 668 1677 est
687 1633 832 1687 carmen,
867 1612 957 1698 quod,
978 1612 1012 1676 in
1040 1613 1212 1678 Othonem
1239 1615 1403 1680 enotuisse

339 1731 451 1786 narrat
471 1715 653 1792 Suetonius,
674 1737 749 1777 cum
771 1713 987 1790 ille,·diduct0
1010 1716 1221 1780 matrimonio
1239 1718 1402 1781 aNerone

333 1821 451 1887 -uxoris
472 1818 573 1906 ipsius
594 1815 724 1903 cupido,
746 1838 805 1902 per
822 1816 964 1901 speciem
976 1817 1144 1903 legationis
1155 1818 1187 1880 in
1202 1818 1402 1882 Lusitaniam

340 1923 506 2009 delegatus
526 1930 618 1984 esset.

339 2025 404 2090 Νο.
426 2029 476 2089 27.
597 2023 657 2084 Cur
674 2023 749 2084 otho
766 2025 889 2083 mentitu
905 2025 958 2097 sit,
979 2026 1136 2104 quaeritis,
1157 2027 1248 2085 exsul
1267 2027 1404 2102 honore?

597 2126 709 2187 Uxoris
730 2126 868 2185 moechus
889 2136 1031 2206 coeperat
1052 2147 1119 2186 esse
1139 2148 1215 2187 suae
1231 2129 1269 2201 ¹¹)

339 2227 395 2293 ubi
417 2237 552 2312 augetur
572 2223 697 2288 ridiculi
719 2224 765 2288 vis
787 2222 839 2286 illa
869 2222 997 2287 dicendi
1025 2223 1126 2310 ligura
1154 2247 1253 2312 quam
1283 2225 1400 2290 Graeci

339 2309 530 2412 ὅξύμωρον
556 2337 683 2390 vocant.
731 2325 857 2388 Eadem
887 2325 969 2390 ratio
996 2325 1029 2389 in
1056 2326 1212 2390 Martialis
1241 2328 1403 2414 epigram-

338 2429 495 2505 metibus,
520 2428 557 2492 iis
578 2427 769 2515 praesertim
793 2450 876 2514 quae
898 2427 1027 2510 duobus
1048 2429 1279 2492 tantummodo
1301 2430 1402 2493 versi-

338 2534 400 2599 bus
422 2542 580 2606 constant‚
601 2529 885 2613 animadvertitur3
919 2552 985 2616 quo
1008 2529 1048 2593 de
1070 2553 1189 2616 genere
1211 2531 1400 2595 facetiarum

340 2633 459 2701 Cicero
482 2632 620 2720 optime:
653 2631 773 2708 ascitis,
794 2631 853 2708 ait,
886 2653 954 2697 csse
977 2632 1182 2696 notissimum
1204 2655 1306 2718 genus
1324 2634 1401 2697 ridi-

338 2737 411 2814 culi,
432 2757 534 2824 quum
551 2733 636 2798 aliud
655 2745 888 2819 exspectamus,
909 2733 995 2797 aliud
1009 2733 1134 2798 dicitur.
1164 2734 1223 2798 llic
1235 2735 1401 2800 nobismet

338 2838 414 2926 ipsis
435 2848 547 2902 noster
572 2859 665 2900 error
690 2835 793 2899 risum
821 2847 942 2902 movet.
986 2835 1113 2920 Quodsi
1142 2835 1322 2900 admixtum
1352 2850 1400 2901 est

338 2941 435 3005 ctiam
457 2936 657 3023 ambiguum,
678 2935 714 3000 fit
736 2936 868 3001 salsius«
886 2939 937 3015 ¹²).

420 3042 534 3127 ltaque
556 3039 693 3104 eandem
717 3062 816 3126 quam
838 3040 872 3102 in
894 3038 1190 3125 epigrammatibus,
1212 3039 1244 3103 in
1256 3041 1398 3130 antiquis

336 3142 502 3209 cantilenis
522 3140 775 3227 triumphalibus
796 3141 1023 3224 cognoscimus
1045 3140 1189 3205 indolem
1207 3145 1398 3207 occentandi

336 3243 638 3309 alternisversibus
660 3266 752 3306 more
781 3254 901 3321 ortam,
933 3242 1020 3306 unde
1042 3244 1202 3330 sequitur,
1233 3243 1292 3309 has
1314 3246 1398 3332 ipsas

336 3347 464 3412 illarum
488 3369 555 3410 esse
578 3345 733 3432 simplicia
757 3357 852 3432 atque
876 3345 1039 3408 incondita
1067 3346 1256 3432 primordia.
1301 3348 1398 3432 Quae

337 3449 471 3538 quidem
493 3449 652 3514 sententia
675 3447 802 3533 egregie
825 3446 1037 3511 confirmatur
1054 3448 1182 3512 duobus
1199 3450 1396 3514 carminibus

336 3576 354 3616 a
376 3552 548 3640 Spartiano
572 3550 720 3628 servatis,
752 3548 870 3636 quibus
891 3549 998 3613 Julius
1019 3550 1137 3616 Florus
1159 3562 1191 3615 et
1211 3551 1396 3617 Hadrianus

335 3655 515 3742 imperator
535 3652 595 3718 sibi
618 3662 789 3716 occentent
809 3673 869 3737 per
889 3651 1014 3716 literas:

650 3753 829 3817 lncantatio
861 3753 940 3816 Julii
972 3754 1080 3818 Flori:

335 3859 399 3924 No.
422 3866 471 3924 28.
648 3859 714 3934 Ego
737 3862 804 3920 nolo
828 3859 945 3920 Caesar
965 3882 1041 3936 esse,

646 3962 809 4023 Ambulare
827 3985 885 4044 per
902 3962 1075 4038 Britannos,

645 4067 802 4145 Scythicas
820 4068 893 4147 pati
906 4069 1042 4148 pruinas.

337 4170 548 4182 ——nn—

380 4204 416 4275 ¹¹)
435 4208 547 4262 Sueten.
567 4206 652 4263 Otho.
671 4228 693 4262 c.
711 4207 737 4260 3.
754 4206 843 4261 Burm.
863 4206 975 4263 nnthol.
994 4209 1029 4274 ll,
1047 4207 1132 4263 XClI.
1150 4229 1176 4282 p.
1194 4209 1254 4264 iffi.

379 4291 416 4363 ¹¹)
435 4292 491 4352 cie.
509 4294 544 4352 de
564 4294 640 4351 Oret.
658 4296 694 4364 ll,
711 4294 753 4350 62
