3400 5042
856 505 909 583 72

436 686 644 769 dispergere,
675 706 776 772 porro
798 708 907 774 agere,
939 684 1178 775 exporrigere«
1220 685 1320 752 Paull.
1343 686 1364 756 l.
1385 710 1412 751 c.

353 787 439 850 Post.
452 792 570 872 pm:
593 791 756 867 »Porigom
778 788 895 854 dixisse
917 788 1040 877 antiqui
1062 787 1214 852 videntur
1234 812 1295 876 pro
1313 796 1413 874 porri-

351 914 432 971 gam,
452 899 589 976 propter
600 911 730 954 morem
740 913 807 955 non
818 890 1124 979 ingeminandarum
1135 889 1301 956 literarum
1313 890 1411 956 ducto

353 992 483 1056 verboa
493 1013 594 1077 porro
615 1015 742 1080 regam·
755 1027 762 1043 ·
775 993 846 1058 ·sed
869 1001 988 1080 antiqui
1006 993 1103 1058 etiam
1121 1014 1248 1078 pergam
1264 992 1413 1058 dixerunt

353 1116 417 1182 pro
436 1093 633 1181 porrigam«
675 1095 779 1159 ibid:
810 1099 994 1161 »Porn'ciom
1013 1118 1115 1184 porro
1135 1096 1250 1177 jaciam
1271 1097 1412 1161 maxime

355 1196 395 1261 de
417 1203 495 1261 extis
517 1195 668 1261 dicebant
683 1198 811 1286 antiqui
841 1245 889 1266 ...
910 1199 1085 1264 Porricitur
1106 1211 1214 1263 autem
1235 1198 1270 1263 in
1291 1199 1412 1263 mensis

354 1299 481 1386 arisque
508 1298 597 1386 quod
624 1299 881 1365 consecrandum
909 1313 958 1365 est
983 1301 1065 1366 deo:
1105 1301 1193 1389 quod
1222 1301 1413 1388 profanatur

355 1413 467 1466 contra
490 1399 523 1464 id
545 1401 749 1468 consumitur
765 1403 892 1488 avulgo
909 1404 1076 1488 profano«
1111 1401 1268 1468 Ceterum
1281 1410 1410 1489 pernicio

354 1502 441 1568 idem
463 1502 616 1582 verbum,
644 1504 733 1592 quod
754 1509 886 1584 Porrigo·
906 1506 946 1570 ab
969 1512 1084 1587 agendo
1106 1517 1138 1570 et
1151 1531 1242 1591 porro
1265 1505 1412 1571 derivan-

355 1605 448 1680 dum;
471 1628 547 1670 narn
570 1607 667 1670 etiam
689 1607 825 1672 verbum
844 1613 956 1686 agendi
973 1608 1147 1696 antiquitus
1165 1633 1182 1671 c
1201 1598 1290 1672 litera
1312 1610 1412 1696 scrip-

354 1720 426 1772 tum
447 1708 543 1772 docet
565 1708 664 1773 Paull.
686 1732 717 1796 p.
740 1715 800 1775 23:
832 1714 983 1776 »Acetore
1009 1711 1176 1789 dicebant,
1208 1710 1299 1798 quod
1325 1733 1412 1775 nunc

356 1811 491 1876 dicimus
507 1815 655 1889 agitare«
688 1811 843 1893 Ejusdem
861 1815 969 1901 stirpis
986 1813 1085 1878 verba
1103 1813 1144 1877 cs.
1157 1816 1239 1893 Axe,
1261 1818 1412 1879 ombaxio·

356 1940 422 2000 que,
445 1927 615 1993 axamenia,
637 1919 874 1996 indigitamenta,
891 1923 1039 1996 aeonium,
1061 1921 1225 1996 enimenim
1245 1928 1411 2004 praeterea

310 2099 311 2103 Ἰ
355 2015 394 2082 cl.
417 2039 445 2081 v.
468 2014 556 2081 exfir.

365 2134 367 2141 ·
438 2122 593 2204 »Expreta
623 2119 744 2208 antiqui
776 2119 928 2186 dicebant
964 2121 1055 2208 quasi
1094 2121 1234 2209 expertia
1272 2119 1412 2186 habita«

356 2221 444 2286 Paul.
467 2221 556 2286 Diac.
578 2245 610 2308 p.
634 2228 682 2288 79.
710 2216 821 2286 Muell.
844 2246 862 2287 a
883 2249 990 2310 sperno
1019 2223 1156 2301 derivat,
1188 2222 1278 2311 quod
1305 2224 1412 2286 minus

355 2323 470 2410 placet.
502 2316 655 2410 Expretus
676 2324 784 2412 potius
802 2325 933 2414 antiqua
950 2326 1058 2390 forma
1073 2325 1200 2389 videtur
1215 2348 1277 2413 pro
1293 2349 1413 2411 expres-

355 2452 407 2491 sus
429 2438 464 2490 ut
484 2441 595 2492 mertot
615 2449 676 2515 pro
698 2443 810 2493 mersat
831 2428 933 2494 Pauli.
954 2453 987 2516 p.
1008 2435 1058 2494 81.
1090 2430 1203 2510 Exsnti
1221 2428 1319 2510 effusi
1335 2428 1411 2491 ibid.

356 2533 526 2609 Adgretus,
564 2555 727 2610 eggressus
752 2530 989 2619 pratariam
1015 2529 1081 2595 hoc
1106 2531 1245 2594 verbum
1273 2530 1314 2594 ad
1341 2542 1412 2594 exta

246 2721 248 2725 y
356 2643 491 2720 spectat.

439 2737 647 2801 »Exseendere
673 2735 813 2822 egredi«
840 2759 872 2823 p.
901 2741 949 2802 79.
978 2757 1053 2799 cum
1080 2733 1193 2799 Muell.
1220 2745 1287 2799 not.
1317 2733 1358 2799 cl.
1382 2757 1411 2798 v.

355 2844 515 2924 expendas,
536 2862 568 2906 v.
589 2852 743 2924 exputare.
1167 2876 1169 2880 ·

438 2944 620 3026 „Experitos
640 2941 836 3028 imperitos‘¹
869 2939 1016 3004 Placidus
1038 2940 1105 3005 Mai
1127 2963 1159 3027 p.
1181 2945 1257 3004 461:
1278 2937 1413 3024 Experi-

355 3055 421 3123 tus,
453 3066 521 3107 non
547 3043 684 3131 peritus,
716 3043 750 3107 id
779 3054 827 3107 est
854 3055 942 3107 extra
968 3042 1114 3131 peritiam
1137 3042 1269 3128 positus.
1323 3043 1412 3106 Haec

355 3145 461 3233 glossa
483 3168 558 3210 cum
579 3145 786 3233 praecedenti
808 3145 961 3209 facillime
978 3145 1192 3232 conjungitur,
1213 3144 1257 3209 ita
1274 3155 1309 3208 ut
1324 3155 1411 3208 vates

356 3248 518 3314 Saliorum
540 3250 684 3331 jusserit:
716 3252 907 3313 Exsoendere
928 3254 1095 3333 experitus,
1117 3258 1153 3311 ut
1173 3247 1268 3311 lictor
1289 3247 1322 3309 in
1344 3246 1414 3332 qui·

355 3350 495 3416 busdam
507 3351 603 3415 sacris
614 3351 812 3416 clamitabat:
828 3355 936 3428 hostis,
948 3356 1071 3428 rinctus,
1082 3355 1195 3428 mulier,
1207 3355 1287 3428 virgo
1299 3363 1411 3417 exesto.

357 3451 445 3519 Cum
466 3452 533 3519 hoc
554 3454 641 3519 enim
667 3453 799 3540 negotio
825 3453 931 3542 glossa
958 3455 1060 3538 effata
1086 3453 1211 3541 optime
1239 3451 1411 3540 conspirat.

358 3554 413 3623 Cf.
435 3557 535 3622 Paull.
558 3581 588 3622 v.
608 3571 713 3622 exesto
735 3581 768 3645 p.
790 3563 840 3624 82.

437 3663 532 3726 Jonus
556 3659 675 3725 cf.Fr.
692 3660 761 3725 No.

439 3766 571 3829 »Insicto
592 3762 638 3828 ab·
656 3786 700 3828 eo·
718 3761 807 3851 quod
828 3767 944 3828 insecto
963 3785 1051 3841 caro,
1082 3759 1171 3826 utin
1193 3761 1336 3825 carmine
1357 3765 1415 3826 So·

358 3870 463 3931 tiorum
484 3878 546 3945 est,
567 3865 656 3954 quod
678 3866 711 3930 in
732 3866 811 3930 extis
832 3864 949 3930 dicitur
968 3887 1055 3930 nunc
1072 3880 1273 3950 promotum«
1305 3865 1413 3929 Varro

357 3963 453 4038 1..1..
475 3969 516 4048 V,
539 3975 607 4034 11⁰.
629 3968 777 4034 Macrob.
800 3967 865 4037 Sat.
888 3969 963 4045 Vll,
985 3974 1023 4033 8:
1057 3968 1119 4032 »ab
1140 3966 1320 4032 insertione
1341 3965 1415 4030 insi-

359 4069 475 4136 cium.«
518 4068 618 4136 Gutb.
640 4094 672 4159 p.
696 4075 764 4137 tta.
808 4068 897 4136 Cum
922 4074 984 4134 boc
1009 4069 1104 4157 igitur
1128 4069 1231 4134 verbo
1257 4068 1413 4157 pleraque

357 4172 586 4260 praecedentia
606 4173 730 4261 optime
751 4171 961 4238 conveniunt.

441 4274 585 4343 Laocoon
605 4275 646 4342 cl.
669 4273 721 4343 Pr.
743 4271 808 4340 No.
830 4280 860 4341 9.
