3400 5042
827 542 900 620 124

335 721 444 810 poesis
465 720 652 810 specimina,
678 721 824 811 primum
845 721 990 809 neglecta
1013 733 1099 801 sunt,
1120 720 1239 788 deinde
1260 721 1293 786 in
1315 720 1398 786 obli·

336 823 465 888 vionem
488 824 646 891 abierunt.

420 923 500 988 lude
522 924 679 989 ellectum
702 936 758 1002 est,
779 936 815 988 ut
835 924 969 990 naeniae
991 923 1172 1010 posteriore
1194 936 1298 988 aetate
1320 924 1397 989 avi-

335 1023 420 1091 libus
441 1025 588 1113 praeficis
611 1037 819 1102 canerentur,
851 1025 1052 1090 laudationes
1074 1048 1143 1089 non
1165 1025 1271 1090 solum
1294 1048 1311 1089 a
1335 1047 1395 1088 no·

333 1126 492 1192 bilissimo
515 1149 647 1216 quoque
670 1127 926 1203 instituerentur,
958 1126 1014 1191 sed
1045 1128 1142 1191 etiam
1165 1149 1181 1191 a
1204 1125 1335 1191 familiis
1363 1125 1395 1189 in

333 1229 555 1295 monumentis
576 1229 762 1294 domesticis
783 1241 999 1294 servarentur.
1033 1231 1145 1318 ltaque
1166 1228 1252 1293 hanc
1274 1228 1395 1292 habere

334 1353 497 1396 summam
520 1332 806 1419 argumentationis
827 1331 995 1396 videmus:

417 1434 531 1520 Quum
553 1434 791 1498 laudationibus
813 1433 846 1496 in
868 1433 1014 1519 gentium
1042 1431 1307 1519 familiarumque
1335 1455 1391 1495 an-

332 1535 458 1602 nalibus
483 1537 665 1624 perscriptis
692 1549 724 1600 et
749 1535 842 1599 Livio
873 1548 905 1599 et
928 1533 1091 1598 Cicerone
1119 1546 1200 1598 teste
1226 1535 1334 1598 vitiata
1356 1534 1395 1597 sit

334 1662 546 1725 summopere
568 1663 605 1703 ac
628 1639 733 1703 fucata
755 1637 910 1702 historiae
933 1639 1103 1701 Romanae
1125 1639 1284 1701 memoria
1308 1637 1394 1700 falsis

333 1740 516 1828 triumphis,
538 1740 788 1826 magistratibus,
810 1738 1002 1813 honoribus,
1023 1764 1041 1802 e
1063 1739 1396 1824 carminibusinepn·

332 1842 370 1906 lis
393 1843 549 1906 cantitatis
576 1841 655 1906 nihil
678 1843 711 1905 in
734 1841 903 1905 historiam
931 1841 1116 1905 redundare
1142 1853 1258 1928 potuit.
1307 1841 1393 1904 Nam

332 1969 393 2010 nec
414 1944 511 2032 vulgo
534 1945 742 2019 canebantur,
765 1967 824 2007 nec
847 1945 879 2007 in
897 1942 1095 2007 familiarum
1107 1943 1276 2007 annalibus
1288 1966 1395 2007 serva-

332 2047 466 2122 bantur,
487 2058 519 2110 et
540 2046 663 2112 etiamsi
686 2045 864 2134 perscripta
888 2045 1038 2124 luissent,
1061 2045 1093 2109 id
1115 2057 1241 2110 tantum
1265 2045 1393 2110 brevius

332 2161 364 2214 et
385 2148 576 2213 succinctius
603 2147 830 2235 sepulcralium
858 2171 1011 2212 versuum
1039 2147 1165 2213 ratione
1191 2147 1394 2224 indicassent,

332 2251 420 2339 qnod
444 2250 476 2314 in
499 2249 737 2315 laudationibus
759 2250 884 2338 plenius
896 2250 1106 2339 ornatiusque
1118 2251 1301 2338 expositum
1314 2262 1393 2317 erat.

331 2355 416 2418 Tota
439 2375 517 2416 vero
539 2352 620 2417 haee
640 2352 747 2440 poesis
769 2377 843 2416 curn
866 2353 1026 2438 gentilicia
1044 2353 1256 2440 patriciorum
1278 2352 1393 2438 ampli·

331 2455 444 2520 tudine
465 2455 589 2519 stetisse
611 2467 643 2535 et
663 2455 797 2536 jacuisse
819 2453 959 2533 videtur,
986 2479 1124 2544 eamque
1146 2455 1282 2519 obrem
1305 2455 1391 2518 bona

329 2557 455 2622 ratione
483 2555 837 2645 Catonemscripsisse
870 2558 1022 2636 arbitror,
1059 2557 1169 2621 multis
1196 2569 1271 2621 ante
1298 2580 1391 2621 suam

329 2671 468 2725 aetatem
489 2662 623 2725 saeculis
644 2660 824 2725 convivalia
846 2661 989 2725 carmina
1011 2659 1175 2726 decantari
1196 2660 1289 2724 solita
1311 2683 1390 2723 esse.

825 3049 898 3124 tx.

537 3222 595 3305 llll
625 3219 918 3306 llle'llNNllllS
949 3219 1180 3304 mutuus.

852 3372 974 3413 convertunt
986 3371 1051 3413 mbtto
1064 3373 1131 3413 mett
1143 3373 1168 3413 tte
1181 3375 1279 3416 nouttbur
1292 3377 1338 3417 attta

850 3443 941 3482 Pastom
954 3444 1049 3492 peratum
1061 3445 1137 3484 verunt
1148 3446 1193 3484 ture
1205 3446 1241 3486 aab
1254 3447 1323 3486 rutra

850 3512 943 3561 morsa,
958 3515 1032 3561 partter
1044 3516 1108 3554 laetas
1122 3515 1336 3557 celebrassemus.

1168 3587 1234 3627 Beda.

410 3711 521 3798 Quam
539 3734 636 3798 supra
654 3711 943 3778 animadvertimus
961 3713 1103 3778 innatam
1115 3715 1214 3780 suisse
1227 3715 1387 3782 inanimis

325 3815 483 3880 Italorum
494 3813 767 3902 superstitionem,
779 3816 975 3880 obscoenam
987 3818 1242 3903 protervitatem,
1257 3820 1387 3898 jocandi

324 3919 427 3984 aciem
449 3917 711 4003 facultatemque,
734 3941 806 3982 eam
829 3918 1011 3983 intantum
1033 3942 1216 4008 expressam
1238 3921 1387 3987 videmus

323 4021 357 4084 in
369 4020 579 4107 religionibus
592 4020 831 4098 Romanorum,
853 4033 890 4085 ut
900 4022 1032 4085 Servius
1043 4045 1175 4087 necesse
1186 4045 1248 4109 pro
1261 4024 1386 4090 ratione

323 4146 491 4188 sacrorum
515 4121 612 4185 luisse
638 4121 759 4203 judicet
772 4129 810 4203 ¹),
842 4123 948 4212 aliqua
976 4123 1098 4189 ludicra
1121 4136 1154 4189 et
1173 4125 1280 4212 turpia
1307 4125 1387 4204 fieri,

385 4313 410 4386 ¹)
429 4317 507 4373 Serv.
525 4317 559 4372 ad
577 4316 653 4391 Virg.
671 4317 763 4392 Georg
780 4317 896 4387 11,38⁵.
