3400 5042
833 480 885 560 Μ

332 665 425 735 clere.
436 656 589 748 Namque
600 656 726 725 etiamsi
739 682 844 727 unum
854 671 1061 748 postremum
1072 658 1211 731 verbum
1218 661 1395 728 Εωανωίωο

334 759 548 849 Quinctilium
569 761 758 828 testimonio
782 761 903 831 Saliare
925 760 1136 850 perhiberem
1158 772 1269 829 tamen
1286 773 1393 831 cetera

333 863 443 942 omniu
466 874 499 931 et
518 861 748 942 vetustissima,
773 864 954 943 rarissima,
985 865 1054 931 imo
1086 843 1184 935 dne}
1209 850 1394 944 λθῖἅμένα
1482 897 1488 907 ·

332 966 366 1031 in
388 964 488 1031 literis
502 963 624 1031 Latinis
645 975 728 1042 sunt,
750 978 782 1032 et
803 966 946 1054 singulos
968 963 1123 1031 solemnis
1144 963 1289 1035 sacrificii
1305 976 1394 1032 actus

333 1066 611 1157 cuarimoniasqua
633 1066 702 1134 lare
724 1091 839 1135 omues
861 1080 1009 1136 accurate
1024 1067 1222 1136 adumbrare
1232 1066 1393 1133 videntur.

337 1168 431 1257 Quid
455 1170 574 1256 igitur?
625 1168 744 1237 Nonne
778 1194 818 1238 ex
849 1170 968 1237 eodem
1002 1171 1095 1236 fonte
1127 1192 1194 1258 quo
1231 1176 1395 1236 enunciare

331 1271 509 1361 cepeteuda
530 1271 735 1359 putabimus,
756 1296 860 1363 quum
880 1272 1072 1361 praesertim
1093 1293 1204 1337 sensus
1225 1294 1342 1339 eorum
1362 1285 1396 1339 et

333 1397 410 1449 eum
430 1373 622 1461 fragmentis
642 1374 774 1463 integris
795 1387 829 1440 et
849 1398 926 1443 cum
948 1374 1056 1439 verbis
1074 1372 1207 1462 singulis
1218 1373 1395 1441 Saliaribus

334 1476 466 1566 epregie
489 1481 669 1562 congruat?
710 1477 755 1542 At
782 1478 870 1542 enim
896 1476 948 1541 vel
977 1475 1018 1542 de
1040 1475 1091 1540 his
1116 1475 1225 1541 habeo
1253 1476 1395 1563 singulis,

334 1579 425 1668 quod
447 1578 488 1661 ad
509 1577 595 1650 hanc
616 1601 829 1649 communem
852 1578 1171 1666 argumentationem
1192 1577 1322 1650 addam.

419 1683 459 1764 ln
491 1680 678 1749 universum
711 1681 808 1768 igitur
839 1680 922 1749 haec
958 1680 1094 1760 judicavi
1127 1692 1257 1767 praeter
1288 1693 1395 1748 certos

334 1784 534 1872 scriptorum
554 1783 645 1850 locos
667 1784 784 1853 indicia
805 1783 1017 1871 reliquiarum
1039 1781 1233 1854 Saliarium:
1271 1807 1395 1851 nomen

333 1886 430 1974 uelli,
459 1884 594 1966 Clonii,
621 1885 737 1974 Opilii,
769 1886 973 1972 auguralium
993 1885 1206 1972 scriptorum,
1232 1885 1343 1952 locum
1361 1900 1398 1954 et

334 1988 486 2074 ordinem
507 1988 689 2075 glossarum
709 1989 799 2077 apud
818 1991 953 2059 Festum
975 2000 1008 2055 et
1033 1987 1183 2053 Paullum
1210 1989 1396 2057 Diaconum

235 2163 238 2166 ,
335 2114 435 2181 quatu
456 2091 613 2171 vidimus,
639 2092 782 2181 speciem
802 2103 963 2157 vetustam
984 2091 1178 2168 verborum,
1203 2089 1320 2177 stirpes
1341 2091 1397 2156 de.

333 2195 434 2284 nique
456 2205 489 2262 et
510 2217 623 2261 sensus
644 2217 760 2262 eorum
782 2194 824 2267 ad
846 2205 1096 2264 axamentorum
1121 2203 1225 2260 certas
1246 2193 1397 2281 reliquias
1435 2201 1437 2205 ‘

335 2297 541 2389 quadrantes.
594 2295 646 2363 Ad
672 2295 731 2365 has
763 2296 860 2384 igitur
890 2297 974 2385 ipsas
1005 2297 1111 2385 probe
1143 2294 1396 2366 considerandas

333 2412 468 2475 uocatur
487 2411 601 2469 nostra
621 2400 866 2479 commentatio.

418 2504 567 2589 Primum
588 2501 685 2589 igitur
705 2502 772 2569 duo
794 2502 954 2571 Varronis
974 2501 1053 2581 loci,
1074 2501 1131 2573 ubi
1152 2500 1308 2589 reliquiae
1330 2525 1398 2569 car-

334 2607 464 2684 minum
486 2604 660 2684 Saliarium
675 2616 820 2672 servatae
832 2617 917 2684 sunt,
938 2627 1094 2692 magnam
1105 2604 1229 2671 incerta
1239 2615 1271 2670 et
1281 2628 1396 2671 manca

334 2709 486 2785 codicum
507 2706 684 2795 scriptione
705 2707 946 2775 dubitationem
957 2706 1089 2785 hahent,
1109 2707 1260 2795 ideoque,
1280 2707 1397 2795 siquid

334 2813 446 2892 uideo,
478 2811 538 2886 erit
562 2809 628 2876 hoc
654 2809 738 2881 mihi
764 2810 1029 2888 concedendum,
1068 2821 1118 2889 ut,
1149 2809 1307 2898 quoniam
1328 2832 1397 2876 non

335 2915 447 2989 omnia
488 2912 616 3003 possint
657 2914 691 2977 in
732 2912 896 2994 ejusmodi
941 2912 1040 2983 rebus
1085 2923 1245 2978 vetustate
1292 2936 1397 3000 paene

334 3017 467 3106 sepultis
488 3014 719 3085 mathematica
740 3015 867 3083 ratione
889 3015 1123 3094 demonstrari,
1159 3026 1330 3103 tamquam
1351 3017 1399 3081 ul·

333 3122 453 3206 timum
485 3117 654 3207 quoddam
685 3117 850 3206 refugium
875 3117 959 3190 mihi
983 3118 1107 3206 integra
1133 3129 1265 3192 maneat
1290 3119 1398 3207 aliqua

335 3221 533 3306 conjicienda
555 3231 713 3308 potestas,
743 3220 868 3285 ratione
890 3221 943 3287 illa
965 3221 1101 3309 quidem
1122 3233 1214 3287 caute
1235 3221 1399 3309 religiose-

335 3349 399 3414 que
420 3335 611 3413 temperata.
653 3324 762 3411 Atque
784 3324 818 3388 in
838 3322 905 3390 hoc
925 3347 1044 3411 genere
1066 3325 1117 3390 vel
1144 3325 1290 3390 maximo
1317 3324 1398 3390 mihi

334 3429 397 3499 luit
427 3427 631 3509 adjumento,
673 3426 763 3513 quod
796 3426 845 3490 vir
877 3426 1072 3492 clarissimus
1099 3425 1138 3492 C.
1166 3426 1398 3495 Lachmaunus

334 3554 440 3621 nuper
471 3552 606 3603 mecum
636 3527 905 3608 communicavit,
937 3529 1208 3600 eNiebuhrianis
1240 3531 1400 3619 eucerptis

334 3634 398 3719 silu'
416 3631 534 3705 relictis
555 3630 629 3699 satis
651 3653 816 3720 superque
837 3655 1008 3721 apparere,
1029 3657 1136 3702 unum
1154 3657 1225 3698 esse
1241 3634 1400 3713 Vsqronis

334 3736 509 3827 antiquum
527 3733 675 3804 codicem
698 3733 935 3814 Florentinum,
955 3747 1065 3802 cetera
1080 3737 1191 3805 omnia
1209 3736 1399 3826 apogquplu

335 3838 449 3930 quinto
482 3837 611 3917 decimo
643 3837 772 3908 saeculo
806 3837 906 3913 lacta;
947 3838 980 3908 id
1009 3838 1098 3926 quod
1131 3861 1192 3907 nec
1224 3839 1399 3929 Spengelio

334 3964 442 4030 neque
465 3939 683 4006 0.Muellero
705 3940 781 4004 satis
802 3938 836 4004 in
853 3952 1011 4027 promptu
1029 3964 1100 4006 esse
1111 3941 1265 4029 potuerit.
1295 3941 1400 4007 Lacla-

335 4043 448 4126 manni
470 4043 566 4130 igitur
586 4042 776 4108 auctoritate
802 4053 900 4130 atque
926 4043 1075 4108 acumine
1102 4045 1217 4122 fretus,
1249 4043 1290 4109 ab
1315 4043 1400 4108 illius

333 4146 457 4238 'codicis
479 4145 613 4239 singulis
634 4145 734 4213 literis
763 4145 816 4211 vix
842 4145 910 4210 ullo
938 4145 1011 4213 loco
1040 4147 1274 4214 discedendum
1302 4159 1401 4226 ratus,

336 4272 468 4316 sensum
489 4249 694 4338 singulorum
714 4270 870 4314 versuum
882 4248 1054 4315 Saliarium
1066 4251 1237 4331 enucleare
1245 4251 1401 4329 conabor,
