3400 5042
834 525 887 616 48

328 704 501 793 pellerent,
523 714 555 768 et
576 703 609 769 in
622 702 797 770 cumbulis
818 701 1029 790 explanandis
1051 713 1177 767 veteres
1199 700 1392 788 interpretes

327 806 423 892 plane
445 806 559 872 incerti
580 805 764 881 haererent.

409 911 453 974 At
472 909 642 990 jacuerunt
662 907 744 984 haec
765 907 950 974 veneranda
971 907 1096 996 priscae
1111 907 1254 993 linguae,
1274 907 1391 993 poesis,

326 1011 491 1099 religionis
518 1022 734 1075 monumenta
756 1010 790 1072 in
816 1010 939 1074 scriniis
970 1010 1180 1076 sacerdotum
1211 1009 1390 1088 recondita,

327 1113 433 1179 donec
453 1136 472 1179 a
495 1111 635 1179 Cratetis
657 1113 732 1177 inde
753 1123 906 1199 tempore
926 1113 1024 1200 primi
1037 1114 1267 1177 Romanorum
1284 1134 1391 1199 gram-

325 1217 435 1282 matici
456 1216 499 1282 ad
520 1216 711 1303 explicanda
734 1216 879 1280 carmina
895 1216 1026 1302 antiqua
1038 1215 1152 1281 Latina
1169 1238 1202 1280 se
1219 1214 1391 1302 applicare,

327 1331 360 1384 et
382 1318 467 1384 Cato
491 1341 528 1384 ac
551 1321 658 1383 Varro
681 1317 722 1382 de
744 1328 901 1382 vetustate
923 1318 1089 1383 oblivione
1111 1318 1229 1383 obruta
1250 1317 1390 1382 edocere

326 1433 506 1509 coeperunt
528 1420 688 1509 aequales.
731 1421 818 1484 Tum
846 1419 944 1504 igitur
969 1420 1006 1484 l..
1036 1419 1148 1485 Aelius
1174 1419 1256 1485 stilo
1282 1442 1390 1507 gram·

325 1525 477 1602 mancus,
515 1522 683 1589 Ciceronis
710 1545 747 1587 ac
775 1519 936 1595 Varronis
962 1533 1170 1608 praeceptor,
1208 1523 1260 1588 cui
1289 1523 1388 1611 equiti

325 1628 479 1693 Romano
501 1626 552 1690 vel
575 1625 680 1691 aditus
701 1624 742 1689 ad
763 1623 971 1688 sacerdotum
982 1647 1099 1690 arcana
1110 1636 1244 1712 pateret,
1265 1625 1390 1711 scripsit

324 1733 578 1814 Explanatr'unem
598 1734 761 1795 carminum
776 1731 949 1805 Saliarium,
970 1749 1035 1814 qua
1050 1727 1128 1813 quid
1147 1727 1181 1791 in
1192 1727 1388 1816 explicandis

324 1832 438 1918 primis
450 1833 681 1915 Romanorum
693 1829 800 1894 verbis
811 1829 949 1916 poeticis
961 1828 1145 1915 profecerit,
1169 1832 1275 1895 Varro
1287 1831 1387 1894 libere

324 1933 495 2020 profitetur
515 1934 566 2013 (L.
581 1935 616 1999 L.
640 1935 714 2012 Vll,
736 1938 765 2006 2.
787 1938 904 2018 p.117.
927 1931 977 2010 ed.
999 1931 1041 1995 Κ.
1061 1930 1104 1995 O.
1122 1930 1265 2012 Muell.):
1287 1931 1387 1997 „Aelii

323 2036 467 2101 hominis
489 2036 522 2101 in
543 2036 652 2123 primo
675 2034 708 2098 in
729 2033 829 2099 literis
856 2032 979 2099 Latinis
1006 2033 1169 2100 exercitati
1195 2035 1387 2120 interpreta-

321 2139 445 2217 tionem
478 2139 661 2203 carminum
687 2135 859 2202 Saliarium
889 2132 1014 2200 videbis
1041 2148 1074 2200 et
1106 2135 1179 2201 exili
1210 2135 1302 2202 litera
1334 2159 1388 2198 ex-

322 2241 482 2326 peditam,
509 2252 544 2315 et¹
562 2239 733 2327 praeterita
756 2239 894 2305 obscura
916 2238 1048 2303 multa«
1091 2239 1177 2303 Huic
1199 2261 1277 2303 vero
1299 2237 1387 2324 peri-

321 2343 445 2408 tissimo
473 2342 682 2408 existimaturi
709 2364 749 2407 eo
777 2339 880 2428 magis
900 2339 981 2405 fides
1003 2351 1051 2405 est
1075 2339 1244 2421 habenda,
1282 2362 1385 2429 quum

322 2445 407 2513 Festi
425 2445 550 2530 glossae
562 2445 638 2520 satis
654 2466 818 2532 superque
830 2441 979 2522 doceant,
1000 2466 1100 2531 quam
1111 2443 1252 2508 incertae
1265 2442 1386 2507 luerint

322 2545 548 2634 constantique
569 2547 695 2610 ratione
717 2557 864 2610 carentes
885 2545 1082 2633 plerumque
1104 2556 1137 2610 et
1155 2545 1236 2610 Aelii
1259 2557 1292 2610 et
1308 2545 1386 2610 alio·

321 2667 398 2713 rum
417 2648 706 2736 grammaticorum
728 2647 769 2712 de
791 2647 891 2734 stirpe
908 2670 945 2712 ac
956 2647 1189 2734 significatione
1200 2647 1384 2735 priscorum

321 2750 613 2837 obsoletorumque
635 2751 814 2814 verborum
836 2750 1025 2816 sententiae.
1059 2750 1145 2814 Nam
1161 2751 1386 2836 praeterVar·

321 2877 450 2932 ronem‚
470 2854 526 2940 qui
547 2875 586 2916 ex
607 2851 690 2917 Aelii
713 2851 846 2918 Stilonis
869 2854 1107 2918 commentario
1129 2853 1308 2940 exscriptos
1328 2852 1386 2916 ali-

320 2968 401 3042 quot
422 2978 532 3021 versus
554 2965 802 3019 axamentorum
819 2955 967 3034 servavit,
988 2955 1088 3020 etiam
1100 2955 1236 3019 Verrius
1248 2955 1384 3020 Flaccus

320 3058 491 3144 diligenter
517 3080 556 3121 ex
585 3057 704 3121 eodem
730 3056 823 3120 fonte
850 3055 973 3135 hausit,
1013 3079 1113 3146 quem
1145 3069 1257 3122 tamen
1285 3057 1382 3121 etiam

318 3159 399 3225 alios
422 3159 570 3241 ejusdem
592 3159 638 3223 rei
661 3159 854 3244 interpretes
876 3170 1023 3224 secutum
1045 3181 1131 3238 esse,
1163 3159 1225 3225 hac
1247 3159 1382 3225 demon·

318 3262 410 3326 strari
431 3261 552 3348 poterit
572 3260 863 3349 argumentatione.

401 3364 549 3428 Primum
571 3365 755 3451 ubicunque
777 3363 865 3451 apud
887 3363 1037 3428 Paullum
1057 3363 1244 3428 Diaconum
1267 3374 1299 3426 et
1320 3363 1382 3427 Fe-

317 3476 402 3529 stum
429 3487 553 3529 nomen
581 3465 663 3530 Aelii
692 3465 849 3552 scriptum
876 3467 1059 3531 invenimus
1086 3465 1127 3530 ad
1160 3467 1260 3530 verba
1292 3487 1382 3530 sacra

317 3567 422 3652 prisca
445 3567 696 3653 interpretanda,
717 3576 974 3633 consentaneum
996 3581 1045 3633 est
1066 3568 1190 3633 etiamsi
1214 3590 1282 3632 non
1304 3567 1381 3653 ipsis

316 3671 422 3735 verbis
444 3670 605 3735 indicetur
626 3669 677 3735 vel
699 3670 829 3735 aliunde
851 3682 1015 3758 appareat,
1036 3695 1075 3736 ex
1092 3671 1175 3735 Aelii
1197 3670 1381 3734 carminum

316 3772 489 3838 Saliarium
512 3771 739 3859 explanatione
765 3772 825 3838 ista
851 3772 1048 3861 deprompta
1078 3797 1162 3852 esse,
1194 3771 1380 3839 dummodo

417 4077 499 4129 genus
517 4059 551 4113 ab
569 4058 773 4132 perantiquum?
799 4058 884 4115 Unde
901 4055 948 4115 illa
965 4061 1048 4117 verba
1061 4059 1175 4115 Saliari·
1191 4059 1235 4116 vel
1252 4058 1379 4130 sibyllina

417 4146 462 4200 vel
477 4146 584 4201 Sabinis
602 4147 722 4220 abusque
733 4147 848 4203 Curibus
865 4148 970 4204 accita?
988 4168 1055 4221 quae
1072 4148 1201 4220 magistris
1218 4147 1378 4220 plerumque

416 4236 593 4291 reticentibus
611 4233 885 4309 promptiusFecialea
902 4235 1010 4310 aliquis,
1027 4236 1208 4302 sufflamen,
1225 4247 1272 4292 aut
1288 4248 1378 4295 reter-

415 4336 497 4380 ηοω
514 4323 639 4397 legalium
656 4322 842 4398 quaestionum
857 4322 1042 4400 ssniputists
1058 4321 1226 4398 patefecerit·
