3400 5042
831 538 907 621 lto

551 724 651 807 impia
670 725 740 786 dum
759 722 878 786 Pboebi
897 722 1013 786 Cassnr
1032 723 1189 785 mendacia
1210 722 1295 794 ludit,

551 828 631 890 Dum
651 845 728 888 nora
748 826 881 889 dirorum
900 836 1006 886 coenat
1028 826 1192 898 adulterio,

553 928 657 990 Omnia
675 948 709 988 se
731 949 751 988 a
773 928 863 988 terris
885 938 955 988 tune
974 928 1092 989 numina
1112 928 1312 998 declinarunt,

550 1030 643 1106 Fugit
665 1039 695 1090 et
717 1039 843 1089 auratos
864 1028 986 1111 Jupiter
1006 1031 1071 1111 ipse
1093 1039 1176 1090 toros
1193 1030 1243 1105 ¹⁷).

601 1126 827 1213 subscriptum
855 1137 971 1191 statuta
993 1126 1139 1212 Augusti.

339 1229 403 1297 No.
423 1235 475 1297 87.
546 1232 645 1295 Pater
664 1231 864 1308 argentarius,
886 1252 950 1308 ago,
972 1230 1191 1294 Corinthiarius
1208 1230 1261 1313 ¹⁰).

740 1330 779 1393 ln
800 1329 995 1416 Augustum.

338 1434 402 1499 No.
425 1439 474 1498 33.
548 1436 717 1516 Postquam
738 1435 783 1495 bis
805 1435 903 1494 classe
926 1437 1020 1496 rietus
1042 1457 1132 1496 nares
1149 1435 1294 1517 perdatis,

550 1537 721 1618 Aliquando
744 1546 777 1597 ut
799 1537 909 1610 vincat,
930 1539 1006 1599 ludit
1029 1539 1151 1598 assidw
1172 1540 1269 1598 aleam
1286 1538 1335 1610 ¹⁹).

603 1636 642 1698 ln
666 1633 716 1699 Cl.
745 1633 918 1698 Tiberium
945 1632 1131 1699 Caesarem.

337 1741 400 1804 No.
422 1745 471 1804 ³4.
535 1741 569 1819 a)
590 1739 692 1821 Asper
711 1751 742 1801 st
763 1742 892 1815 immitis,
914 1742 1042 1803 breviter
1062 1744 1106 1802 ais
1127 1744 1224 1802 omniu
1246 1744 1343 1803 dicam
1351 1746 1368 1801 P

590 1844 778 1924 Dispersam,
799 1845 879 1903 site
900 1854 998 1904 mater
1017 1864 1121 1905 amare
1138 1855 1251 1924 potest,

531 2047 567 2127 b)
588 2049 661 2111 Non
682 2071 714 2110 es
735 2050 846 2130 eques!
878 2046 1004 2129 Quare?
1032 2048 1103 2110 Non
1128 2059 1198 2110 sunt
1225 2050 1283 2109 tibi
1300 2052 1396 2110 millia

799 2160 925 2223 centurn,

587 2252 690 2313 Omnia
711 2252 742 2313 si
760 2273 891 2333 quaeras
898 2277 908 2322 ,·
929 2263 959 2313 et
981 2253 1105 2315 ilbodus
1126 2253 1265 2315 exsilium
1285 2265 1341 2317 est.

526 2459 557 2532 c)
579 2454 683 2518 Aurea
704 2458 832 2518 mutasti
848 2457 975 2518 Saturni
991 2460 1126 2531 saecula,
1149 2457 1275 2534 Caesar,

585 2559 733 2621 Incolumi
751 2576 819 2621 nam
841 2570 880 2634 te,
894 2557 1004 2636 ferrea
1024 2581 1141 2641 semper
1161 2571 1257 2621 erunt.

526 2760 566 2846 d)
587 2763 727 2826 Fastn'dit
747 2766 853 2840 sinum,
875 2762 1028 2846 quiajam
1048 2765 1114 2824 sitit
1136 2765 1194 2825 iste
1215 2786 1359 2838 cruorem,

585 2865 659 2927 Tam
680 2866 753 2927 bibit
773 2867 850 2928 buno
872 2870 966 2940 aalide,
988 2886 1077 2946 quam
1097 2867 1170 2927 bibit
1186 2879 1257 2928 ants
1271 2891 1390 2934 merum.

523 3073 555 3148 e)
576 3072 710 3154 Adspice
723 3069 849 3149 felicem
864 3074 931 3149 stoi,
952 3093 1009 3132 non
1033 3072 1095 3144 tibi,
1113 3071 1238 3132 Romule
1258 3073 1390 3134 Sullam:

580 3173 624 3235 Et
644 3173 787 3248 Marium,
808 3177 840 3234 si
858 3177 912 3249 ois,
933 3175 1067 3255 adspice,
1087 3174 1145 3235 ssd
1164 3175 1317 3246 reducem,·

579 3275 645 3339 Neo
665 3299 723 3337 non
743 3276 860 3338 Antoni
877 3279 976 3338 civilio
997 3279 1078 3338 bella
1098 3279 1254 3350 moventis,

578 3378 644 3441 Nec
664 3381 759 3440 semel
776 3377 907 3458 infectas
928 3381 1050 3461 adspice
1071 3379 1165 3440 caede
1185 3400 1305 3440 manus:

579 3481 620 3543 Et
642 3483 701 3556 dio,
722 3481 821 3545 Romo
838 3485 938 3565 perit:
959 3484 1097 3559 regnabit
1117 3485 1262 3556 sanguine
1283 3486 1387 3559 multo,

578 3583 631 3645 Ad
650 3606 770 3662 regnum
792 3588 927 3668 quisquis
949 3588 1028 3647 venit
1049 3587 1087 3647 ab
1108 3586 1216 3646 exsilio
1233 3587 1283 3660 ¹⁰).

325 3765 537 3783 w

392 3864 406 3935 )
425 3867 537 3922 Sueton.
557 3869 654 3926 Octav.
673 3891 694 3925 c.
714 3870 756 3924 70.
773 3870 863 3925 Burm.
884 3870 966 3926 Antis.
985 3869 1022 3935 11,
1042 3871 1126 3926 Lxx.
1144 3891 1170 3945 p.
1188 3873 1247 3926 224.

391 3951 405 4022 )
424 3955 537 4009 sueton.
557 3957 653 4013 Octsv.
672 3957 689 4010 l.
706 3977 727 4011 c.

391 4040 405 4112 )
424 4043 537 4098 Sueten.
555 4046 652 4101 Octuv.
671 4046 712 4100 70.
730 4045 820 4100 Burm.
841 4045 923 4101 Anth.
942 4047 976 4116 ll,
994 4047 1091 4103 LXVI.
1108 4068 1137 4122 p.
1153 4050 1213 4104 223.

366 4127 404 4199 ²⁰)
422 4131 534 4186 Sueten.
553 4134 614 4188 Tib.
632 4133 673 4188 69.
693 4134 781 4188 Etiam
798 4134 851 4190 hoo
869 4155 987 4200 carmen,
1015 4136 1060 4192 ubi
1081 4139 1267 4212 prioreparte
1290 4155 1384 4215 quater

424 4239 516 4274 versus
533 4223 622 4278 versui
647 4222 804 4296 respondet,
830 4223 901 4296 apud
924 4225 1011 4281 Burm.
1035 4225 1118 4282 luth.
1143 4227 1178 4293 11,
1199 4227 1383 4304 Lxx111.sq.

422 4327 448 4379 p.
466 4307 517 4362 227
534 4310 564 4366 in
582 4310 701 4386 quinquo
719 4311 837 4368 carmina
855 4311 990 4369 dividitur.

370 3866 391 3899 17

370 3952 390 3988 ¹0

367 4042 391 4075 ΙΙ
