<?xml version="1.0" encoding="UTF-8"?>
<!DOCTYPE html PUBLIC "-//W3C//DTD XHTML 1.0 Transitional//EN"
    "http://www.w3.org/TR/xhtml1/DTD/xhtml1-transitional.dtd">
<html xmlns="http://www.w3.org/1999/xhtml" xml:lang="en" lang="en">
 <head>
  <title>
</title>
<meta http-equiv="Content-Type" content="text/html;charset=utf-8" />
  <meta name='ocr-system' content='tesseract 3.04.00' />
  <meta name='ocr-capabilities' content='ocr_page ocr_carea ocr_par ocr_line ocrx_word'/>
</head>
<body>
  <div class='ocr_page' id='page_1' title='image "./originespoesisr00corsgoog/originespoesisr00corsgoog_0190.png"; bbox 0 0 3400 5042; ppageno 0'>
   <div class='ocr_carea' id='block_1_1' title="bbox 776 537 849 609">
    <p class='ocr_par' dir='ltr' id='par_1_1' title="bbox 776 537 849 609">
     <span class='ocr_line' id='line_1_1' title="bbox 776 537 849 609; baseline 0.027 -2"><span class='ocrx_word' id='word_1_1' title='bbox 776 537 849 609; x_wconf 81' lang='lat'>180</span> 
     </span>
    </p>
   </div>
   <div class='ocr_carea' id='block_1_2' title="bbox 272 711 1354 2734">
    <p class='ocr_par' dir='ltr' id='par_1_2' title="bbox 285 711 1351 1410">
     <span class='ocr_line' id='line_1_2' title="bbox 287 711 1349 799; baseline -0.005 -21"><span class='ocrx_word' id='word_1_2' title='bbox 287 714 463 791; x_wconf 83' lang='lat' dir='ltr'>sariorum,</span> <span class='ocrx_word' id='word_1_3' title='bbox 496 724 528 775; x_wconf 89' lang='lat' dir='ltr'>et</span> <span class='ocrx_word' id='word_1_4' title='bbox 563 711 707 776; x_wconf 83' lang='lat' dir='ltr'><strong>carmine</strong></span> <span class='ocrx_word' id='word_1_5' title='bbox 736 714 882 799; x_wconf 85' lang='lat' dir='ltr'>plebejo,</span> <span class='ocrx_word' id='word_1_6' title='bbox 920 725 952 776; x_wconf 90' lang='lat' dir='ltr'>et</span> <span class='ocrx_word' id='word_1_7' title='bbox 979 713 1174 776; x_wconf 81' lang='lat' dir='ltr'>familiarum</span> <span class='ocrx_word' id='word_1_8' title='bbox 1208 713 1349 775; x_wconf 86' lang='lat' dir='ltr'>vanitate</span> 
     </span>
     <span class='ocr_line' id='line_1_3' title="bbox 285 815 1351 904; baseline -0.006 -22"><span class='ocrx_word' id='word_1_9' title='bbox 285 816 418 904; x_wconf 85' lang='lat' dir='ltr'>patricia</span> <span class='ocrx_word' id='word_1_10' title='bbox 440 815 540 880; x_wconf 89' lang='lat' dir='ltr'>multa</span> <span class='ocrx_word' id='word_1_11' title='bbox 563 827 670 891; x_wconf 90' lang='lat' dir='ltr'>aucta,</span> <span class='ocrx_word' id='word_1_12' title='bbox 698 815 821 892; x_wconf 89' lang='lat' dir='ltr'>addita,</span> <span class='ocrx_word' id='word_1_13' title='bbox 849 816 978 879; x_wconf 85' lang='lat' dir='ltr'>inventa</span> <span class='ocrx_word' id='word_1_14' title='bbox 1001 817 1180 901; x_wconf 88' lang='lat' dir='ltr'>professus,</span> <span class='ocrx_word' id='word_1_15' title='bbox 1201 817 1269 894; x_wconf 90' lang='lat' dir='ltr'>jure</span> <span class='ocrx_word' id='word_1_16' title='bbox 1293 815 1351 876; x_wconf 87' lang='lat' dir='ltr'>de</span> 
     </span>
     <span class='ocr_line' id='line_1_4' title="bbox 287 916 1349 1003; baseline -0.004 -21"><span class='ocrx_word' id='word_1_17' title='bbox 287 930 421 984; x_wconf 80' lang='lat' dir='ltr'>tractare</span> <span class='ocrx_word' id='word_1_18' title='bbox 444 918 502 981; x_wconf 84' lang='lat' dir='ltr'>sibi</span> <span class='ocrx_word' id='word_1_19' title='bbox 525 917 660 1003; x_wconf 77' lang='lat' dir='ltr'>gloriam</span> <span class='ocrx_word' id='word_1_20' title='bbox 685 916 815 980; x_wconf 88' lang='lat' dir='ltr'>illorum</span> <span class='ocrx_word' id='word_1_21' title='bbox 839 921 929 981; x_wconf 89' lang='lat' dir='ltr'>omni</span> <span class='ocrx_word' id='word_1_22' title='bbox 948 921 1070 981; x_wconf 90' lang='lat' dir='ltr'>ratione</span> <span class='ocrx_word' id='word_1_23' title='bbox 1088 918 1246 980; x_wconf 88' lang='lat' dir='ltr'>videatur.</span> <span class='ocrx_word' id='word_1_24' title='bbox 1274 918 1349 978; x_wconf 87' lang='lat' dir='ltr'>Hoc</span> 
     </span>
     <span class='ocr_line' id='line_1_5' title="bbox 288 1019 1351 1110; baseline -0.005 -26"><span class='ocrx_word' id='word_1_25' title='bbox 288 1021 407 1108; x_wconf 84' lang='lat' dir='ltr'>opinor</span> <span class='ocrx_word' id='word_1_26' title='bbox 429 1020 501 1084; x_wconf 92' lang='lat' dir='ltr'>loco</span> <span class='ocrx_word' id='word_1_27' title='bbox 524 1031 659 1105; x_wconf 88' lang='lat' dir='ltr'>apparet</span> <span class='ocrx_word' id='word_1_28' title='bbox 681 1020 830 1083; x_wconf 88' lang='lat' dir='ltr'>voluntas</span> <span class='ocrx_word' id='word_1_29' title='bbox 860 1020 1037 1110; x_wconf 88' lang='lat' dir='ltr'>odiumque</span> <span class='ocrx_word' id='word_1_30' title='bbox 1067 1019 1143 1082; x_wconf 92' lang='lat' dir='ltr'>illud</span> <span class='ocrx_word' id='word_1_31' title='bbox 1172 1019 1351 1105; x_wconf 77' lang='lat' dir='ltr'>plebeium,</span> 
     </span>
     <span class='ocr_line' id='line_1_6' title="bbox 288 1120 1350 1210; baseline -0.005 -23"><span class='ocrx_word' id='word_1_32' title='bbox 288 1123 377 1210; x_wconf 90' lang='lat' dir='ltr'>quod</span> <span class='ocrx_word' id='word_1_33' title='bbox 400 1121 553 1207; x_wconf 89' lang='lat' dir='ltr'>rhapsodi</span> <span class='ocrx_word' id='word_1_34' title='bbox 576 1120 618 1184; x_wconf 94' lang='lat' dir='ltr'>illi</span> <span class='ocrx_word' id='word_1_35' title='bbox 635 1122 880 1186; x_wconf 69' lang='lat' dir='ltr'>‚consentientes</span> <span class='ocrx_word' id='word_1_36' title='bbox 902 1146 978 1185; x_wconf 89' lang='lat' dir='ltr'>cum</span> <span class='ocrx_word' id='word_1_37' title='bbox 1001 1123 1148 1186; x_wconf 87' lang='lat' dir='ltr'>vanitatis</span> <span class='ocrx_word' id='word_1_38' title='bbox 1165 1121 1350 1184; x_wconf 89' lang='lat' dir='ltr'>rationibus</span> 
     </span>
     <span class='ocr_line' id='line_1_7' title="bbox 287 1223 1350 1309; baseline -0.005 -21"><span class='ocrx_word' id='word_1_39' title='bbox 287 1224 484 1288; x_wconf 81' lang='lat' dir='ltr'>familiarum</span> <span class='ocrx_word' id='word_1_40' title='bbox 507 1223 755 1308; x_wconf 86' lang='lat' dir='ltr'>superbissimos</span> <span class='ocrx_word' id='word_1_41' title='bbox 778 1225 930 1308; x_wconf 85' lang='lat' dir='ltr'>patricios</span> <span class='ocrx_word' id='word_1_42' title='bbox 951 1227 1035 1304; x_wconf 89' lang='lat' dir='ltr'>justo</span> <span class='ocrx_word' id='word_1_43' title='bbox 1059 1224 1154 1309; x_wconf 81' lang='lat' dir='ltr'>longe</span> <span class='ocrx_word' id='word_1_44' title='bbox 1170 1223 1350 1302; x_wconf 87' lang='lat' dir='ltr'>majoribus</span> 
     </span>
     <span class='ocr_line' id='line_1_8' title="bbox 287 1323 1264 1410; baseline -0.002 -20"><span class='ocrx_word' id='word_1_45' title='bbox 287 1325 435 1390; x_wconf 75' lang='lat' dir='ltr'>laudibus</span> <span class='ocrx_word' id='word_1_46' title='bbox 457 1324 601 1410; x_wconf 79' lang='lat' dir='ltr'>neglecta</span> <span class='ocrx_word' id='word_1_47' title='bbox 623 1323 777 1389; x_wconf 74' lang='lat' dir='ltr'>historiae</span> <span class='ocrx_word' id='word_1_48' title='bbox 798 1325 863 1389; x_wconf 87' lang='lat' dir='ltr'>fide</span> <span class='ocrx_word' id='word_1_49' title='bbox 885 1325 926 1389; x_wconf 91' lang='lat' dir='ltr'>ad</span> <span class='ocrx_word' id='word_1_50' title='bbox 948 1325 1077 1390; x_wconf 90' lang='lat' dir='ltr'>coelum</span> <span class='ocrx_word' id='word_1_51' title='bbox 1099 1325 1264 1389; x_wconf 90' lang='lat' dir='ltr'>tollebant.</span> 
     </span>
    </p>

    <p class='ocr_par' dir='ltr' id='par_1_3' title="bbox 289 1426 1353 2430">
     <span class='ocr_line' id='line_1_9' title="bbox 371 1426 1351 1515; baseline -0.004 -23"><span class='ocrx_word' id='word_1_52' title='bbox 371 1428 513 1492; x_wconf 87' lang='lat' dir='ltr'>Sensisse</span> <span class='ocrx_word' id='word_1_53' title='bbox 538 1426 622 1490; x_wconf 90' lang='lat' dir='ltr'>hanc</span> <span class='ocrx_word' id='word_1_54' title='bbox 643 1428 891 1515; x_wconf 74' lang='lat' dir='ltr'>repugnantiam</span> <span class='ocrx_word' id='word_1_55' title='bbox 912 1428 1067 1491; x_wconf 85' lang='lat' dir='ltr'>Krausius</span> <span class='ocrx_word' id='word_1_56' title='bbox 1090 1439 1121 1490; x_wconf 89' lang='lat' dir='ltr'>et</span> <span class='ocrx_word' id='word_1_57' title='bbox 1145 1427 1351 1491; x_wconf 87' lang='lat' dir='ltr'>Petersenius</span> 
     </span>
     <span class='ocr_line' id='line_1_10' title="bbox 290 1528 1353 1615; baseline -0.002 -23"><span class='ocrx_word' id='word_1_58' title='bbox 290 1530 477 1609; x_wconf 64' lang='lat' dir='ltr'>videnturl)</span> <span class='ocrx_word' id='word_1_59' title='bbox 499 1528 640 1615; x_wconf 88' lang='lat' dir='ltr'>ideoq&#39;ue</span> <span class='ocrx_word' id='word_1_60' title='bbox 663 1528 703 1592; x_wconf 91' lang='lat' dir='ltr'>ad</span> <span class='ocrx_word' id='word_1_61' title='bbox 727 1529 803 1593; x_wconf 85' lang='lat' dir='ltr'>illud</span> <span class='ocrx_word' id='word_1_62' title='bbox 833 1528 1045 1614; x_wconf 81' lang='lat' dir='ltr'>confugiunt:</span> <span class='ocrx_word' id='word_1_63' title='bbox 1079 1529 1139 1593; x_wconf 85' lang='lat' dir='ltr'>alia</span> <span class='ocrx_word' id='word_1_64' title='bbox 1162 1529 1279 1615; x_wconf 87' lang='lat' dir='ltr'>plebeji</span> <span class='ocrx_word' id='word_1_65' title='bbox 1304 1529 1353 1590; x_wconf 89' lang='lat' dir='ltr'>in-</span> 
     </span>
     <span class='ocr_line' id='line_1_11' title="bbox 289 1630 1351 1718; baseline -0.003 -24"><span class='ocrx_word' id='word_1_66' title='bbox 289 1633 371 1718; x_wconf 74' lang='lat' dir='ltr'>genii</span> <span class='ocrx_word' id='word_1_67' title='bbox 395 1630 538 1694; x_wconf 91' lang='lat' dir='ltr'>carmina</span> <span class='ocrx_word' id='word_1_68' title='bbox 562 1631 651 1716; x_wconf 86' lang='lat' dir='ltr'>spica</span> <span class='ocrx_word' id='word_1_69' title='bbox 675 1630 843 1718; x_wconf 87' lang='lat' dir='ltr'>popularia</span> <span class='ocrx_word' id='word_1_70' title='bbox 865 1632 971 1706; x_wconf 84' lang='lat' dir='ltr'>fnisse,</span> <span class='ocrx_word' id='word_1_71' title='bbox 993 1630 1053 1692; x_wconf 89' lang='lat' dir='ltr'>alia</span> <span class='ocrx_word' id='word_1_72' title='bbox 1066 1631 1198 1716; x_wconf 87' lang='lat' dir='ltr'>patricii.</span> <span class='ocrx_word' id='word_1_73' title='bbox 1233 1630 1351 1693; x_wconf 75' lang='lat' dir='ltr'>Athoc</span> 
     </span>
     <span class='ocr_line' id='line_1_12' title="bbox 290 1729 1352 1796; baseline -0.004 0"><span class='ocrx_word' id='word_1_74' title='bbox 290 1732 479 1796; x_wconf 82' lang='lat' dir='ltr'>diverticulo</span> <span class='ocrx_word' id='word_1_75' title='bbox 502 1731 582 1795; x_wconf 88' lang='lat' dir='ltr'>nihil</span> <span class='ocrx_word' id='word_1_76' title='bbox 610 1734 746 1795; x_wconf 90' lang='lat' dir='ltr'>omnino</span> <span class='ocrx_word' id='word_1_77' title='bbox 774 1732 922 1795; x_wconf 71' lang='lat' dir='ltr'>allicitur.</span> <span class='ocrx_word' id='word_1_78' title='bbox 966 1731 1050 1795; x_wconf 92' lang='lat' dir='ltr'>Nam</span> <span class='ocrx_word' id='word_1_79' title='bbox 1073 1732 1131 1794; x_wconf 91' lang='lat' dir='ltr'>nisi</span> <span class='ocrx_word' id='word_1_80' title='bbox 1156 1732 1187 1795; x_wconf 91' lang='lat' dir='ltr'>in</span> <span class='ocrx_word' id='word_1_81' title='bbox 1211 1729 1261 1793; x_wconf 89' lang='lat' dir='ltr'>his</span> <span class='ocrx_word' id='word_1_82' title='bbox 1283 1753 1352 1793; x_wconf 89' lang='lat' dir='ltr'>car·</span> 
     </span>
     <span class='ocr_line' id='line_1_13' title="bbox 290 1833 1352 1921; baseline -0.005 -23"><span class='ocrx_word' id='word_1_83' title='bbox 290 1834 431 1898; x_wconf 76' lang='lat' dir='ltr'>minibus</span> <span class='ocrx_word' id='word_1_84' title='bbox 452 1835 628 1921; x_wconf 85' lang='lat' dir='ltr'>praecipue</span> <span class='ocrx_word' id='word_1_85' title='bbox 649 1834 796 1897; x_wconf 87' lang='lat' dir='ltr'>statueris</span> <span class='ocrx_word' id='word_1_86' title='bbox 808 1834 945 1897; x_wconf 86' lang='lat' dir='ltr'>valuisse</span> <span class='ocrx_word' id='word_1_87' title='bbox 963 1833 1126 1918; x_wconf 76' lang='lat' dir='ltr'>plebeiam</span> <span class='ocrx_word' id='word_1_88' title='bbox 1139 1834 1352 1910; x_wconf 85' lang='lat' dir='ltr'>voluntatem,</span> 
     </span>
     <span class='ocr_line' id='line_1_14' title="bbox 291 1934 1350 2023; baseline -0.004 -23"><span class='ocrx_word' id='word_1_89' title='bbox 291 1935 378 2000; x_wconf 92' lang='lat' dir='ltr'>nulla</span> <span class='ocrx_word' id='word_1_90' title='bbox 406 1934 543 1999; x_wconf 88' lang='lat' dir='ltr'>inveniri</span> <span class='ocrx_word' id='word_1_91' title='bbox 573 1947 681 2022; x_wconf 88' lang='lat' dir='ltr'>potest</span> <span class='ocrx_word' id='word_1_92' title='bbox 707 1958 818 2013; x_wconf 89' lang='lat' dir='ltr'>eausa,</span> <span class='ocrx_word' id='word_1_93' title='bbox 851 1958 917 2023; x_wconf 89' lang='lat' dir='ltr'>qua</span> <span class='ocrx_word' id='word_1_94' title='bbox 937 1934 1172 2000; x_wconf 87' lang='lat' dir='ltr'>vicissitudines</span> <span class='ocrx_word' id='word_1_95' title='bbox 1198 1955 1350 2020; x_wconf 86' lang='lat' dir='ltr'>novaque</span> 
     </span>
     <span class='ocr_line' id='line_1_15' title="bbox 290 2036 1351 2123; baseline -0.003 -21"><span class='ocrx_word' id='word_1_96' title='bbox 290 2038 396 2102; x_wconf 83' lang='lat' dir='ltr'>forma</span> <span class='ocrx_word' id='word_1_97' title='bbox 419 2059 533 2100; x_wconf 90' lang='lat' dir='ltr'>eorum</span> <span class='ocrx_word' id='word_1_98' title='bbox 557 2036 753 2111; x_wconf 69' lang='lat' dir='ltr'>declaratum</span> <span class='ocrx_word' id='word_1_99' title='bbox 775 2059 843 2100; x_wconf 88' lang='lat' dir='ltr'>non</span> <span class='ocrx_word' id='word_1_100' title='bbox 861 2048 1000 2122; x_wconf 84' lang='lat' dir='ltr'>possunt</span> <span class='ocrx_word' id='word_1_101' title='bbox 1015 2037 1120 2121; x_wconf 75' lang='lat' dir='ltr'>igitur,</span> <span class='ocrx_word' id='word_1_102' title='bbox 1141 2036 1351 2123; x_wconf 86' lang='lat' dir='ltr'>patriciorum</span> 
     </span>
     <span class='ocr_line' id='line_1_16' title="bbox 291 2138 1351 2226; baseline -0.004 -22"><span class='ocrx_word' id='word_1_103' title='bbox 291 2140 481 2226; x_wconf 88' lang='lat' dir='ltr'>praesertim</span> <span class='ocrx_word' id='word_1_104' title='bbox 503 2139 668 2202; x_wconf 84' lang='lat' dir='ltr'>sententiis</span> <span class='ocrx_word' id='word_1_105' title='bbox 690 2161 765 2202; x_wconf 91' lang='lat' dir='ltr'>cum</span> <span class='ocrx_word' id='word_1_106' title='bbox 787 2138 994 2224; x_wconf 80' lang='lat' dir='ltr'>plebeiorum</span> <span class='ocrx_word' id='word_1_107' title='bbox 1016 2140 1123 2202; x_wconf 84' lang='lat' dir='ltr'>mixtis</span> <span class='ocrx_word' id='word_1_108' title='bbox 1146 2138 1351 2225; x_wconf 83' lang='lat' dir='ltr'>invicemque</span> 
     </span>
     <span class='ocr_line' id='line_1_17' title="bbox 291 2239 1352 2325; baseline -0.005 -20"><span class='ocrx_word' id='word_1_109' title='bbox 291 2241 350 2305; x_wconf 88' lang='lat' dir='ltr'>sibi</span> <span class='ocrx_word' id='word_1_110' title='bbox 368 2239 681 2325; x_wconf 87' lang='lat' dir='ltr'>obtemperantibus,</span> <span class='ocrx_word' id='word_1_111' title='bbox 704 2252 769 2304; x_wconf 91' lang='lat' dir='ltr'>tam</span> <span class='ocrx_word' id='word_1_112' title='bbox 788 2239 889 2304; x_wconf 86' lang='lat' dir='ltr'>multa</span> <span class='ocrx_word' id='word_1_113' title='bbox 902 2251 1037 2318; x_wconf 88' lang='lat' dir='ltr'>mutata,</span> <span class='ocrx_word' id='word_1_114' title='bbox 1059 2240 1175 2316; x_wconf 90' lang='lat' dir='ltr'>fucata,</span> <span class='ocrx_word' id='word_1_115' title='bbox 1187 2239 1258 2302; x_wconf 88' lang='lat' dir='ltr'>licta</span> <span class='ocrx_word' id='word_1_116' title='bbox 1272 2261 1352 2315; x_wconf 87' lang='lat' dir='ltr'>esse,</span> 
     </span>
     <span class='ocr_line' id='line_1_18' title="bbox 291 2324 1244 2430; baseline -0.002 -23"><span class='ocrx_word' id='word_1_117' title='bbox 291 2365 373 2430; x_wconf 86' lang='lat' dir='ltr'>quae</span> <span class='ocrx_word' id='word_1_118' title='bbox 397 2365 438 2406; x_wconf 89' lang='lat' dir='ltr'>ne</span> <span class='ocrx_word' id='word_1_119' title='bbox 460 2341 609 2429; x_wconf 78' lang='lat' dir='ltr'>speciem¹</span> <span class='ocrx_word' id='word_1_120' title='bbox 625 2324 758 2428; x_wconf 84' lang='lat' dir='ltr'>quidem</span> <span class='ocrx_word' id='word_1_121' title='bbox 780 2364 876 2405; x_wconf 88' lang='lat' dir='ltr'>verae</span> <span class='ocrx_word' id='word_1_122' title='bbox 898 2341 1053 2405; x_wconf 88' lang='lat' dir='ltr'>historiae</span> <span class='ocrx_word' id='word_1_123' title='bbox 1075 2340 1244 2405; x_wconf 88' lang='lat' dir='ltr'>haberent.</span> 
     </span>
    </p>

    <p class='ocr_par' dir='ltr' id='par_1_4' title="bbox 272 2441 1354 2734">
     <span class='ocr_line' id='line_1_19' title="bbox 376 2441 1354 2530; baseline -0.004 -22"><span class='ocrx_word' id='word_1_124' title='bbox 376 2443 434 2508; x_wconf 83' lang='lat' dir='ltr'>llis</span> <span class='ocrx_word' id='word_1_125' title='bbox 455 2442 579 2508; x_wconf 86' lang='lat' dir='ltr'>vicibus</span> <span class='ocrx_word' id='word_1_126' title='bbox 601 2443 697 2530; x_wconf 77' lang='lat' dir='ltr'>igitur</span> <span class='ocrx_word' id='word_1_127' title='bbox 723 2443 875 2507; x_wconf 85' lang='lat' dir='ltr'>carminis</span> <span class='ocrx_word' id='word_1_128' title='bbox 902 2442 983 2528; x_wconf 87' lang='lat' dir='ltr'>epici</span> <span class='ocrx_word' id='word_1_129' title='bbox 1011 2441 1100 2529; x_wconf 89' lang='lat' dir='ltr'>quod</span> <span class='ocrx_word' id='word_1_130' title='bbox 1127 2452 1259 2528; x_wconf 88' lang='lat' dir='ltr'>putatur</span> <span class='ocrx_word' id='word_1_131' title='bbox 1285 2443 1354 2506; x_wconf 84' lang='lat' dir='ltr'>Ro·</span> 
     </span>
     <span class='ocr_line' id='line_1_20' title="bbox 272 2543 1352 2625; baseline -0.003 -14"><span class='ocrx_word' id='word_1_132' title='bbox 272 2567 468 2611; x_wconf 69' lang='lat' dir='ltr'>‘manorum</span> <span class='ocrx_word' id='word_1_133' title='bbox 500 2544 644 2609; x_wconf 88' lang='lat' dir='ltr'>continui</span> <span class='ocrx_word' id='word_1_134' title='bbox 677 2543 764 2608; x_wconf 89' lang='lat' dir='ltr'>nulla</span> <span class='ocrx_word' id='word_1_135' title='bbox 791 2544 917 2609; x_wconf 85' lang='lat' dir='ltr'>ratione</span> <span class='ocrx_word' id='word_1_136' title='bbox 946 2545 1183 2622; x_wconf 87' lang='lat' dir='ltr'>consentaneis,</span> <span class='ocrx_word' id='word_1_137' title='bbox 1219 2546 1284 2625; x_wconf 87' lang='lat' dir='ltr'>jam</span> <span class='ocrx_word' id='word_1_138' title='bbox 1311 2543 1352 2608; x_wconf 88' lang='lat' dir='ltr'>ad</span> 
     </span>
     <span class='ocr_line' id='line_1_21' title="bbox 291 2643 1354 2734; baseline -0.004 -22"><span class='ocrx_word' id='word_1_139' title='bbox 291 2647 325 2713; x_wconf 89' lang='lat' dir='ltr'>id</span> <span class='ocrx_word' id='word_1_140' title='bbox 347 2646 475 2712; x_wconf 89' lang='lat' dir='ltr'>ducitur</span> <span class='ocrx_word' id='word_1_141' title='bbox 496 2643 706 2723; x_wconf 89' lang='lat' dir='ltr'>Niebuhrius,</span> <span class='ocrx_word' id='word_1_142' title='bbox 727 2656 763 2710; x_wconf 90' lang='lat' dir='ltr'>ut</span> <span class='ocrx_word' id='word_1_143' title='bbox 783 2657 838 2709; x_wconf 87' lang='lat' dir='ltr'>aut</span> <span class='ocrx_word' id='word_1_144' title='bbox 858 2645 968 2734; x_wconf 88' lang='lat' dir='ltr'>priora</span> <span class='ocrx_word' id='word_1_145' title='bbox 989 2657 1147 2732; x_wconf 90' lang='lat' dir='ltr'>tempora,</span> <span class='ocrx_word' id='word_1_146' title='bbox 1168 2646 1287 2733; x_wconf 87' lang='lat' dir='ltr'>quibus</span> <span class='ocrx_word' id='word_1_147' title='bbox 1308 2646 1354 2709; x_wconf 87' lang='lat' dir='ltr'>vi-</span> 
     </span>
    </p>
   </div>
   <div class='ocr_carea' id='block_1_3' title="bbox 292 2747 1386 2835">
    <p class='ocr_par' dir='ltr' id='par_1_5' title="bbox 292 2747 1386 2835">
     <span class='ocr_line' id='line_1_22' title="bbox 292 2747 1386 2835; baseline -0.002 -22"><span class='ocrx_word' id='word_1_148' title='bbox 292 2749 409 2813; x_wconf 89' lang='lat' dir='ltr'>delicet</span> <span class='ocrx_word' id='word_1_149' title='bbox 439 2748 544 2812; x_wconf 90' lang='lat' dir='ltr'>stabat</span> <span class='ocrx_word' id='word_1_150' title='bbox 575 2747 627 2811; x_wconf 90' lang='lat' dir='ltr'>illa</span> <span class='ocrx_word' id='word_1_151' title='bbox 660 2759 794 2833; x_wconf 74' lang='lat' dir='ltr'>angusta</span> <span class='ocrx_word' id='word_1_152' title='bbox 827 2747 1112 2835; x_wconf 88' lang='lat' dir='ltr'>superstitiosaque</span> <span class='ocrx_word' id='word_1_153' title='bbox 1147 2748 1354 2812; x_wconf 87' lang='lat' dir='ltr'>sacerdotum</span> <span class='ocrx_word' id='word_1_154' title='bbox 1383 2791 1386 2798; x_wconf 91' lang='lat'><em>-</em></span> 
     </span>
    </p>
   </div>
   <div class='ocr_carea' id='block_1_4' title="bbox 293 2848 1360 4057">
    <p class='ocr_par' dir='ltr' id='par_1_6' title="bbox 293 2848 1354 3241">
     <span class='ocr_line' id='line_1_23' title="bbox 294 2848 1354 2936; baseline -0.002 -21"><span class='ocrx_word' id='word_1_155' title='bbox 294 2850 483 2927; x_wconf 89' lang='lat' dir='ltr'>dominatio,</span> <span class='ocrx_word' id='word_1_156' title='bbox 505 2848 635 2913; x_wconf 90' lang='lat' dir='ltr'>sublimi</span> <span class='ocrx_word' id='word_1_157' title='bbox 658 2848 949 2935; x_wconf 89' lang='lat' dir='ltr'>liberaliquepoesi</span> <span class='ocrx_word' id='word_1_158' title='bbox 961 2849 1110 2936; x_wconf 82' lang='lat' dir='ltr'>populari</span> <span class='ocrx_word' id='word_1_159' title='bbox 1123 2850 1277 2936; x_wconf 77' lang='lat' dir='ltr'>designet,</span> <span class='ocrx_word' id='word_1_160' title='bbox 1298 2862 1354 2914; x_wconf 90' lang='lat' dir='ltr'>aut</span> 
     </span>
     <span class='ocr_line' id='line_1_24' title="bbox 294 2950 1354 3016; baseline -0.002 0"><span class='ocrx_word' id='word_1_161' title='bbox 294 2951 431 3016; x_wconf 91' lang='lat' dir='ltr'>omnino</span> <span class='ocrx_word' id='word_1_162' title='bbox 454 2974 522 3014; x_wconf 91' lang='lat' dir='ltr'>non</span> <span class='ocrx_word' id='word_1_163' title='bbox 545 2951 685 3014; x_wconf 88' lang='lat' dir='ltr'>multum</span> <span class='ocrx_word' id='word_1_164' title='bbox 707 2950 887 3014; x_wconf 86' lang='lat' dir='ltr'>discessisse</span> <span class='ocrx_word' id='word_1_165' title='bbox 910 2952 950 3014; x_wconf 91' lang='lat' dir='ltr'>ab</span> <span class='ocrx_word' id='word_1_166' title='bbox 978 2951 1207 3014; x_wconf 89' lang='lat' dir='ltr'>historicorum</span> <span class='ocrx_word' id='word_1_167' title='bbox 1235 2974 1354 3015; x_wconf 91' lang='lat' dir='ltr'>monu-</span> 
     </span>
     <span class='ocr_line' id='line_1_25' title="bbox 294 3051 1353 3139; baseline -0.001 -21"><span class='ocrx_word' id='word_1_168' title='bbox 294 3066 482 3118; x_wconf 91' lang='lat' dir='ltr'>mentorum</span> <span class='ocrx_word' id='word_1_169' title='bbox 509 3051 574 3116; x_wconf 85' lang='lat' dir='ltr'>fide</span> <span class='ocrx_word' id='word_1_170' title='bbox 603 3052 768 3116; x_wconf 88' lang='lat' dir='ltr'>concedat.</span> <span class='ocrx_word' id='word_1_171' title='bbox 822 3055 866 3115; x_wconf 80' lang='lat' dir='ltr'>At</span> <span class='ocrx_word' id='word_1_172' title='bbox 893 3075 969 3116; x_wconf 91' lang='lat' dir='ltr'>eum</span> <span class='ocrx_word' id='word_1_173' title='bbox 1002 3064 1138 3139; x_wconf 88' lang='lat' dir='ltr'>utraque</span> <span class='ocrx_word' id='word_1_174' title='bbox 1171 3053 1204 3116; x_wconf 91' lang='lat' dir='ltr'>in</span> <span class='ocrx_word' id='word_1_175' title='bbox 1231 3077 1266 3116; x_wconf 91' lang='lat' dir='ltr'>re</span> <span class='ocrx_word' id='word_1_176' title='bbox 1295 3055 1353 3118; x_wconf 91' lang='lat' dir='ltr'>sibi</span> 
     </span>
     <span class='ocr_line' id='line_1_26' title="bbox 293 3154 1131 3241; baseline -0.004 -20"><span class='ocrx_word' id='word_1_177' title='bbox 293 3157 422 3233; x_wconf 85' lang='lat' dir='ltr'>deesse,</span> <span class='ocrx_word' id='word_1_178' title='bbox 444 3179 483 3218; x_wconf 87' lang='lat' dir='ltr'>ex</span> <span class='ocrx_word' id='word_1_179' title='bbox 506 3155 541 3218; x_wconf 90' lang='lat' dir='ltr'>iis</span> <span class='ocrx_word' id='word_1_180' title='bbox 564 3177 646 3240; x_wconf 89' lang='lat' dir='ltr'>quae</span> <span class='ocrx_word' id='word_1_181' title='bbox 669 3176 764 3240; x_wconf 91' lang='lat' dir='ltr'>supra</span> <span class='ocrx_word' id='word_1_182' title='bbox 787 3154 871 3218; x_wconf 90' lang='lat' dir='ltr'>dicta</span> <span class='ocrx_word' id='word_1_183' title='bbox 893 3166 967 3218; x_wconf 93' lang='lat' dir='ltr'>sunt</span> <span class='ocrx_word' id='word_1_184' title='bbox 988 3166 1131 3241; x_wconf 85' lang='lat' dir='ltr'>apparet.</span> 
     </span>
    </p>

    <p class='ocr_par' dir='ltr' id='par_1_7' title="bbox 294 3254 1360 4057">
     <span class='ocr_line' id='line_1_27' title="bbox 377 3254 1354 3342; baseline 0 -21"><span class='ocrx_word' id='word_1_185' title='bbox 377 3257 488 3322; x_wconf 80' lang='lat' dir='ltr'>Affert</span> <span class='ocrx_word' id='word_1_186' title='bbox 516 3254 656 3342; x_wconf 91' lang='lat' dir='ltr'>denique</span> <span class='ocrx_word' id='word_1_187' title='bbox 690 3255 889 3319; x_wconf 90' lang='lat' dir='ltr'>Niebuhrius</span> <span class='ocrx_word' id='word_1_188' title='bbox 915 3255 955 3319; x_wconf 91' lang='lat' dir='ltr'>ad</span> <span class='ocrx_word' id='word_1_189' title='bbox 983 3256 1175 3319; x_wconf 86' lang='lat' dir='ltr'>sententiam</span> <span class='ocrx_word' id='word_1_190' title='bbox 1204 3257 1245 3320; x_wconf 89' lang='lat' dir='ltr'>de</span> <span class='ocrx_word' id='word_1_191' title='bbox 1272 3256 1354 3321; x_wconf 87' lang='lat' dir='ltr'>flore</span> 
     </span>
     <span class='ocr_line' id='line_1_28' title="bbox 294 3356 1356 3448; baseline -0.003 -22"><span class='ocrx_word' id='word_1_192' title='bbox 294 3361 405 3448; x_wconf 88' lang='lat' dir='ltr'>epieae</span> <span class='ocrx_word' id='word_1_193' title='bbox 427 3360 534 3447; x_wconf 91' lang='lat' dir='ltr'>poesis</span> <span class='ocrx_word' id='word_1_194' title='bbox 556 3380 647 3421; x_wconf 91' lang='lat' dir='ltr'>suam</span> <span class='ocrx_word' id='word_1_195' title='bbox 670 3356 926 3434; x_wconf 85' lang='lat' dir='ltr'>defendendam,</span> <span class='ocrx_word' id='word_1_196' title='bbox 958 3380 1091 3422; x_wconf 89' lang='lat' dir='ltr'>auream</span> <span class='ocrx_word' id='word_1_197' title='bbox 1118 3361 1356 3423; x_wconf 78' lang='lat' dir='ltr'>aetatem&#39;artis</span> 
     </span>
     <span class='ocr_line' id='line_1_29' title="bbox 297 3459 1354 3547; baseline -0.001 -21"><span class='ocrx_word' id='word_1_198' title='bbox 297 3464 393 3526; x_wconf 89' lang='lat' dir='ltr'>fuisse</span> <span class='ocrx_word' id='word_1_199' title='bbox 416 3463 500 3547; x_wconf 91' lang='lat' dir='ltr'>apud</span> <span class='ocrx_word' id='word_1_200' title='bbox 515 3461 684 3523; x_wconf 87' lang='lat' dir='ltr'>Romanos</span> <span class='ocrx_word' id='word_1_201' title='bbox 706 3459 851 3522; x_wconf 89' lang='lat' dir='ltr'>medium</span> <span class='ocrx_word' id='word_1_202' title='bbox 865 3460 1015 3546; x_wconf 87' lang='lat' dir='ltr'>quintum</span> <span class='ocrx_word' id='word_1_203' title='bbox 1027 3461 1238 3540; x_wconf 78' lang='lat' dir='ltr'>saeculum⁶).</span> <span class='ocrx_word' id='word_1_204' title='bbox 1268 3461 1354 3526; x_wconf 90' lang='lat' dir='ltr'>Nam</span> 
     </span>
     <span class='ocr_line' id='line_1_30' title="bbox 296 3559 1354 3652; baseline -0.002 -23"><span class='ocrx_word' id='word_1_205' title='bbox 296 3565 385 3652; x_wconf 91' lang='lat' dir='ltr'>quod</span> <span class='ocrx_word' id='word_1_206' title='bbox 409 3563 448 3632; x_wconf 84' lang='lat' dir='ltr'>C.</span> <span class='ocrx_word' id='word_1_207' title='bbox 471 3562 589 3627; x_wconf 84' lang='lat' dir='ltr'>Fabius</span> <span class='ocrx_word' id='word_1_208' title='bbox 614 3561 711 3647; x_wconf 82' lang='lat' dir='ltr'>Appii</span> <span class='ocrx_word' id='word_1_209' title='bbox 741 3559 837 3625; x_wconf 83' lang='lat' dir='ltr'>Caeci</span> <span class='ocrx_word' id='word_1_210' title='bbox 868 3572 1018 3647; x_wconf 89' lang='lat' dir='ltr'>tempore</span> <span class='ocrx_word' id='word_1_211' title='bbox 1047 3562 1165 3627; x_wconf 88' lang='lat' dir='ltr'>Salutis</span> <span class='ocrx_word' id='word_1_212' title='bbox 1194 3563 1354 3650; x_wconf 89' lang='lat' dir='ltr'>templum</span> 
     </span>
     <span class='ocr_line' id='line_1_31' title="bbox 295 3663 1354 3753; baseline 0 -24"><span class='ocrx_word' id='word_1_213' title='bbox 295 3664 453 3753; x_wconf 84' lang='lat' dir='ltr'>pinxerit,</span> <span class='ocrx_word' id='word_1_214' title='bbox 475 3664 615 3750; x_wconf 88' lang='lat' dir='ltr'>indeque</span> <span class='ocrx_word' id='word_1_215' title='bbox 637 3663 768 3727; x_wconf 85' lang='lat' dir='ltr'>traxerit</span> <span class='ocrx_word' id='word_1_216' title='bbox 790 3663 924 3728; x_wconf 87' lang='lat' dir='ltr'>Pictoris</span> <span class='ocrx_word' id='word_1_217' title='bbox 947 3686 1086 3740; x_wconf 84' lang='lat' dir='ltr'>nomen,</span> <span class='ocrx_word' id='word_1_218' title='bbox 1118 3663 1354 3730; x_wconf 88' lang='lat' dir='ltr'>documentum</span> 
     </span>
     <span class='ocr_line' id='line_1_32' title="bbox 297 3763 1357 3852; baseline 0 -20"><span class='ocrx_word' id='word_1_219' title='bbox 297 3790 367 3832; x_wconf 86' lang='lat' dir='ltr'>esse</span> <span class='ocrx_word' id='word_1_220' title='bbox 399 3765 579 3831; x_wconf 88' lang='lat' dir='ltr'>memoriae</span> <span class='ocrx_word' id='word_1_221' title='bbox 611 3763 774 3843; x_wconf 89' lang='lat' dir='ltr'>relictum,</span> <span class='ocrx_word' id='word_1_222' title='bbox 813 3788 912 3852; x_wconf 89' lang='lat' dir='ltr'>quarn</span> <span class='ocrx_word' id='word_1_223' title='bbox 945 3765 1086 3829; x_wconf 88' lang='lat' dir='ltr'>liberalis</span> <span class='ocrx_word' id='word_1_224' title='bbox 1117 3767 1272 3852; x_wconf 79' lang='lat' dir='ltr'>pingendi</span> <span class='ocrx_word' id='word_1_225' title='bbox 1304 3791 1357 3832; x_wconf 86' lang='lat' dir='ltr'>ass</span> 
     </span>
     <span class='ocr_line' id='line_1_33' title="bbox 298 3864 1358 3955; baseline -0.003 -20"><span class='ocrx_word' id='word_1_226' title='bbox 298 3869 424 3935; x_wconf 83' lang='lat' dir='ltr'>Romae</span> <span class='ocrx_word' id='word_1_227' title='bbox 445 3869 479 3933; x_wconf 87' lang='lat' dir='ltr'>in</span> <span class='ocrx_word' id='word_1_228' title='bbox 505 3864 632 3930; x_wconf 90' lang='lat' dir='ltr'>honore</span> <span class='ocrx_word' id='word_1_229' title='bbox 658 3866 765 3931; x_wconf 88' lang='lat' dir='ltr'>fuerit.</span> <span class='ocrx_word' id='word_1_230' title='bbox 809 3871 853 3931; x_wconf 76' lang='lat' dir='ltr'>At</span> <span class='ocrx_word' id='word_1_231' title='bbox 879 3869 966 3931; x_wconf 90' lang='lat' dir='ltr'>enim</span> <span class='ocrx_word' id='word_1_232' title='bbox 993 3867 1139 3953; x_wconf 89' lang='lat' dir='ltr'>primum</span> <span class='ocrx_word' id='word_1_233' title='bbox 1167 3868 1276 3955; x_wconf 87' lang='lat' dir='ltr'>ipsum</span> <span class='ocrx_word' id='word_1_234' title='bbox 1302 3892 1358 3932; x_wconf 88' lang='lat' dir='ltr'>co-</span> 
     </span>
     <span class='ocr_line' id='line_1_34' title="bbox 296 3967 1360 4057; baseline -0.002 -22"><span class='ocrx_word' id='word_1_235' title='bbox 296 3991 443 4057; x_wconf 74' lang='lat' dir='ltr'>gnomen</span> <span class='ocrx_word' id='word_1_236' title='bbox 462 3967 658 4034; x_wconf 86' lang='lat' dir='ltr'>econtrario</span> <span class='ocrx_word' id='word_1_237' title='bbox 677 3967 861 4054; x_wconf 83' lang='lat' dir='ltr'>exprimere</span> <span class='ocrx_word' id='word_1_238' title='bbox 876 3967 1014 4045; x_wconf 86' lang='lat' dir='ltr'>videtur,</span> <span class='ocrx_word' id='word_1_239' title='bbox 1035 3967 1203 4054; x_wconf 72' lang='lat' dir='ltr'>singulare,</span> <span class='ocrx_word' id='word_1_240' title='bbox 1221 3991 1360 4048; x_wconf 87' lang='lat' dir='ltr'>norum,</span> 
     </span>
    </p>
   </div>
   <div class='ocr_carea' id='block_1_5' title="bbox 350 4189 1276 4352">
    <p class='ocr_par' dir='ltr' id='par_1_8' title="bbox 350 4189 1276 4352">
     <span class='ocr_line' id='line_1_35' title="bbox 351 4189 1276 4268; baseline 0.001 -21"><span class='ocrx_word' id='word_1_241' title='bbox 351 4189 376 4260; x_wconf 77' lang='lat'>⁶)</span> <span class='ocrx_word' id='word_1_242' title='bbox 394 4192 499 4248; x_wconf 76' lang='lat' dir='ltr'>Kranae</span> <span class='ocrx_word' id='word_1_243' title='bbox 518 4190 555 4246; x_wconf 83' lang='lat' dir='ltr'>H.</span> <span class='ocrx_word' id='word_1_244' title='bbox 573 4191 636 4246; x_wconf 82' lang='lat' dir='ltr'>Litt.</span> <span class='ocrx_word' id='word_1_245' title='bbox 654 4192 686 4247; x_wconf 84' lang='lat' dir='ltr'>R.</span> <span class='ocrx_word' id='word_1_246' title='bbox 706 4209 731 4263; x_wconf 88' lang='lat' dir='ltr'>p.</span> <span class='ocrx_word' id='word_1_247' title='bbox 749 4191 791 4246; x_wconf 72' lang='lat' dir='ltr'>dd.</span> <span class='ocrx_word' id='word_1_248' title='bbox 822 4191 953 4247; x_wconf 82' lang='lat' dir='ltr'>Petersen</span> <span class='ocrx_word' id='word_1_249' title='bbox 971 4190 1063 4265; x_wconf 72' lang='lat' dir='ltr'>Origg.</span> <span class='ocrx_word' id='word_1_250' title='bbox 1082 4193 1118 4247; x_wconf 88' lang='lat' dir='ltr'>H.</span> <span class='ocrx_word' id='word_1_251' title='bbox 1138 4193 1171 4248; x_wconf 81' lang='lat' dir='ltr'>ft.</span> <span class='ocrx_word' id='word_1_252' title='bbox 1189 4214 1214 4268; x_wconf 84' lang='lat' dir='ltr'>p.</span> <span class='ocrx_word' id='word_1_253' title='bbox 1234 4194 1276 4248; x_wconf 77' lang='lat' dir='ltr'>ld.</span> 
     </span>
     <span class='ocr_line' id='line_1_36' title="bbox 350 4274 765 4352; baseline -0.002 -18"><span class='ocrx_word' id='word_1_254' title='bbox 350 4274 376 4347; x_wconf 76' lang='lat'>⁸)</span> <span class='ocrx_word' id='word_1_255' title='bbox 395 4276 473 4335; x_wconf 83' lang='lat' dir='ltr'>Nieb.</span> <span class='ocrx_word' id='word_1_256' title='bbox 491 4277 529 4334; x_wconf 81' lang='lat' dir='ltr'>H.</span> <span class='ocrx_word' id='word_1_257' title='bbox 547 4278 580 4335; x_wconf 77' lang='lat' dir='ltr'>R.</span> <span class='ocrx_word' id='word_1_258' title='bbox 599 4277 646 4344; x_wconf 81' lang='lat' dir='ltr'>lll,</span> <span class='ocrx_word' id='word_1_259' title='bbox 664 4296 689 4352; x_wconf 83' lang='lat' dir='ltr'>p.</span> <span class='ocrx_word' id='word_1_260' title='bbox 707 4278 765 4333; x_wconf 71' lang='lat' dir='ltr'>dib,</span> 
     </span>
    </p>
   </div>
   <div class='ocr_carea' id='block_1_6' title="bbox 0 0 1716 5042">
    <p class='ocr_par' dir='ltr' id='par_1_9' title="bbox 0 0 1716 5042">
     <span class='ocr_line' id='line_1_37' title="bbox 0 0 1716 5042; baseline 0 0"><span class='ocrx_word' id='word_1_261' title='bbox 0 0 1716 5042; x_wconf 95' lang='lat' dir='ltr'> </span> 
     </span>
    </p>
   </div>
  </div>
 </body>
</html>
