3400 5042
838 528 890 604 86

337 703 439 792 Quod
461 703 594 794 quidem
627 703 751 789 augurii
783 726 885 792 genus
917 703 958 768 ad
990 704 1160 770 Etruscam
1193 704 1397 794 disciplinam

336 818 485 894 spectans
507 829 583 872 cum
605 805 783 892 originibus
805 806 969 870 Saliorum
991 805 1156 892 aptissime
1178 807 1339 871 convenit.

419 911 524 973 Totus
546 930 623 972 vero
645 906 699 971 hic
726 931 904 973 consensus
930 930 1159 995 connexusque
1186 908 1398 997 reliquiarum

335 1013 369 1077 in
390 1021 604 1098 conspectum
630 1009 777 1095 prolatus
805 1020 841 1074 ut
869 1009 1018 1074 cumulus
1040 1009 1173 1097 quidam
1196 1011 1236 1075 ad
1259 1011 1399 1098 singulas

325 1125 464 1182 nostras
492 1111 615 1176 accedit
642 1111 953 1198 argumentationes,
991 1123 1023 1176 et
1050 1113 1215 1198 specimen
1241 1112 1398 1178 idoneum

334 1215 373 1280 iis
395 1215 449 1303 qui
471 1235 706 1300 recognoscere
728 1214 829 1278 velint
849 1214 987 1300 praebet
1013 1215 1111 1278 totius
1137 1215 1398 1279 ratiocinationis.

337 1318 493 1403 Quorum
520 1315 644 1379 etiamsi
674 1316 744 1402 quis
772 1316 909 1379 fortasse
932 1316 1219 1395 demonstraverit,
1257 1330 1398 1381 erratum

336 1443 404 1484 esse
427 1419 468 1481 de
491 1441 557 1482 uno
579 1417 630 1481 vel
664 1418 765 1482 altero
799 1418 917 1494 verbo,
959 1430 1069 1481 tamen
1103 1419 1143 1483 de
1175 1432 1246 1483 toto
1279 1443 1399 1505 genere

335 1522 456 1587 horum
479 1520 663 1584 carminum
684 1544 800 1584 verum
824 1544 893 1584 esse
915 1520 1138 1598 observatum,
1159 1522 1301 1586 affirmat
1322 1546 1399 1586 con·

336 1636 449 1690 centus
475 1622 625 1688 omnium
647 1622 860 1700 indiciorum,
896 1623 930 1686 in
958 1623 1075 1709 quibus
1097 1625 1335 1710 argumentatio
1357 1626 1398 1688 de

335 1727 434 1792 rebus
455 1725 551 1812 plane
574 1724 729 1789 obsoletis
748 1725 990 1812 obliteratisque
1002 1725 1199 1812 philologica
1212 1728 1269 1790 niti
1281 1739 1400 1814 potest.

336 1829 519 1894 Sublimem
547 1850 626 1891 vero
654 1828 833 1891 verborum
861 1827 1159 1916 cogitationumque
1188 1829 1400 1916 pulchritudi-

334 1955 413 1996 nem
439 1931 473 1994 in
500 1929 551 1993 his
578 1929 748 2016 discerptis
774 1930 918 2018 reliquiis
945 1953 986 1992 ne
1014 1930 1086 2017 quis
1108 1931 1287 2007 desideret;
1321 1955 1401 2019 quo-

335 2033 425 2098 niam
446 2045 557 2110 tenue,
585 2031 736 2118 simplex,
769 2032 970 2123 succinctum
993 2032 1119 2096 dicendi
1141 2056 1243 2119 genus
1264 2034 1400 2098 omnino

336 2135 512 2225 proprium
536 2157 603 2199 esse
626 2133 784 2221 genuinae
807 2135 958 2198 omnium
980 2135 1151 2199 nationum
1174 2136 1281 2224 poesi,
1303 2137 1401 2200 etiam

338 2237 609 2307 Germanicarum
626 2236 793 2301 literarum
809 2236 1028 2324 antiquissima
1042 2238 1161 2302 docent
1172 2250 1398 2302 monumenta.

337 2345 466 2408 Tamen
486 2340 572 2404 hanc
593 2339 698 2426 ipsam
726 2338 770 2402 ob
792 2339 983 2403 tenuitatem
1011 2364 1080 2405 non
1101 2364 1233 2419 vereor,
1266 2341 1400 2428 nequis

337 2445 420 2510 haec
441 2441 619 2531 specimina
640 2442 762 2528 poesis,
782 2441 963 2529 religionis,
989 2445 1149 2508 sermonis
1171 2445 1400 2508 Romanorum

337 2546 434 2636 plane
456 2543 697 2610 contemnenda
717 2545 888 2631 putaverit.

848 2859 894 2931 V.

460 3015 519 3097 llll
547 3007 753 3096 tntntttt
779 3011 998 3096 tutttttttl
1022 3011 1278 3096 attttttttt.

973 3191 978 3203 .
993 3191 998 3202 .
1012 3164 1092 3203 ttaturts
1106 3163 1191 3203 alteactt
1202 3164 1273 3204 nasuta
1285 3164 1358 3212 metu,

914 3234 940 3273 Et
953 3235 1008 3274 color
1020 3236 1042 3274 et
1054 3235 1132 3282 auectas
1148 3235 1227 3275 florttus
1241 3236 1304 3276 onata
1316 3236 1376 3292 tuest.

1152 3308 1242 3346 matus

422 3443 474 3506 De
496 3438 632 3503 fratrum
655 3434 824 3499 Arvalium
846 3434 997 3521 collegio,
1025 3435 1121 3498 sacris
1143 3434 1310 3513 institutis,
1336 3435 1402 3499 riti-

339 3550 400 3613 bus
421 3540 690 3626 caerimoniisque
712 3538 877 3626 quoniam,
899 3562 982 3625 quae
994 3537 1154 3600 Marinius
1176 3538 1210 3602 in
1231 3562 1400 3603 commen·

340 3650 422 3715 tario
444 3645 485 3710 ad
506 3642 631 3707 tabulas
653 3640 763 3705 addito
786 3641 956 3727 diligenter
970 3664 1007 3705 ac
1019 3640 1089 3704 fuse
1102 3641 1259 3726 exposuit,
1274 3665 1291 3704 a
1305 3639 1402 3705 Clau-

341 3752 433 3818 senio
454 3749 489 3812 in
509 3745 638 3810 brevius
659 3755 821 3808 contracta
848 3744 1035 3830 produntur
1055 3742 1088 3806 in
1110 3756 1335 3830 conspectum,
1367 3756 1404 3808 ut

341 3879 383 3920 ne
394 3863 470 3918 nota
482 3858 711 3936 recoquantur,
733 3869 769 3910 ea
781 3845 1011 3910 tantummodo
1024 3845 1168 3932 quaestio
1181 3847 1241 3910 erit
1253 3846 1404 3923 ineunda,

342 3980 425 4047 quae
447 3953 488 4018 ad
509 3950 574 4014 hoc
595 3948 829 4034 interpretandi
851 3949 1033 4013 carminum
1050 3947 1235 4033 priscorum
1252 3947 1404 4035 reliquias

341 4058 505 4148 pertinere
526 4074 647 4118 munus
669 4050 831 4116 videbitur
845 4057 878 4130 ¹).
909 4051 1004 4115 Esset
1024 4050 1120 4136 igitur
1140 4063 1176 4115 ut
1197 4073 1294 4138 supra
1313 4051 1402 4114 etde

405 4234 428 4305 ¹)
446 4236 535 4290 Varro
549 4233 579 4286 L.
594 4233 625 4285 L.
640 4231 674 4285 V.
690 4231 731 4285 15.
741 4251 766 4304 p.
776 4231 821 4285 33:
847 4232 955 4286 Fratres
973 4229 1083 4284 Arvales
1102 4230 1167 4286 dicti
1187 4243 1250 4285 sunt
1268 4231 1313 4304 qui
1331 4251 1405 4286 sacra

447 4322 555 4396 publica
571 4320 674 4379 faciunt
689 4332 847 4394 propterea,
866 4333 894 4376 ut
911 4322 999 4393 fruges
1016 4320 1105 4375 serant
1122 4339 1196 4385 awa,
1214 4339 1230 4374 a
1247 4318 1360 4374 serendo
1378 4331 1405 4374 et
