3400 5042
821 528 893 600 164

415 709 504 773 Haec
525 720 591 773 tota
614 709 710 794 igitur
732 719 766 771 ut
788 707 953 772 refellatur
974 709 1139 787 sententia,
1160 709 1241 774 haec
1258 711 1317 774 tria
1329 735 1389 798 po-

330 811 489 874 tissimum
529 810 631 897 capita
665 809 853 874 illustranda
887 822 1000 873 erunt:
1047 812 1191 876 l’rimum
1224 813 1388 877 immerito

330 913 409 976 illud
433 914 473 977 de
496 913 538 998 Q.
561 913 670 976 Ennio
694 912 803 989 statui,
824 924 860 975 ut
881 924 1048 999 appareat,
1071 914 1094 975 si
1117 914 1219 977 modo
1242 914 1389 979 floruerit

328 1016 418 1100 epica
437 1017 555 1102 poesis,
567 1016 681 1110 ⁸perire
701 1037 772 1078 eam
791 1036 858 1076 non
875 1014 1026 1099 potuisse,
1049 1014 1166 1079 deinde
1179 1040 1387 1105 nequaquam

328 1117 501 1181 convenire
524 1140 596 1181 eam
619 1140 693 1180 cum
716 1115 753 1179 iis
775 1114 1078 1202 quaesNiebuhrius
1100 1118 1238 1186 voluerit
1259 1132 1388 1206 tempo-

328 1220 416 1283 ribus
432 1218 638 1306 reipublicae,
659 1219 800 1304 ideoque
813 1216 952 1281 omnino
963 1240 1031 1280 non
1042 1217 1197 1302 floruisse,
1211 1238 1386 1311 ¹postremo

327 1321 457 1387 aliunde
489 1320 619 1384 fluxisse
651 1332 747 1407 atque
776 1342 814 1383 ex
841 1318 939 1404 epicis
971 1320 1169 1386 carminibus
1200 1325 1386 1392 fabulosam

326 1421 478 1487 historiae
500 1423 670 1487 Romanae
693 1420 845 1510 speciem.

808 1729 896 1804 XV.

516 1885 558 1985 ll.
583 1886 713 1970 llNNll
739 1885 916 1969 Pluris
942 1885 1192 1971 vttltttclth.

741 2094 744 2097 ι
852 2041 907 2082 Bello
921 2041 993 2081 tantm
1007 2043 1094 2083 assunto
1107 2045 1160 2084 uun
1172 2046 1253 2093 otnnato
1267 2049 1326 2094 gradu

852 2112 921 2152 tutultt
934 2121 956 2152 se
968 2111 1083 2152 bellicosam
1095 2113 1115 2152 tn
1126 2115 1202 2154 Romuli
1213 2119 1290 2162 sentem
1302 2119 1370 2157 teram.

1024 2183 1112 2224 Porcius
1125 2183 1225 2233 liumus,

407 2311 574 2378 Sententia
608 2334 670 2398 qua
703 2323 849 2396 putatur,
884 2311 927 2396 Q
950 2313 1092 2377 Ennium
1120 2315 1264 2380 carmina
1292 2317 1382 2404 epica
1484 2333 1486 2336 '

322 2419 452 2505 antiqua
475 2417 508 2479 in
529 2437 604 2478 suos
620 2412 828 2478 hexametros
841 2413 983 2493 vertisse,
1004 2416 1146 2500 eundem
1157 2414 1261 2481 nihilo
1273 2429 1382 2482 tamen

322 2519 424 2584 secius
446 2518 527 2581 hanc
548 2515 743 2603 popularem
762 2516 992 2580 Romanorum
1012 2517 1129 2604 poesin
1145 2520 1382 2606 contempsisse

323 2633 355 2686 et
376 2617 526 2685 consulto
550 2616 749 2705 oppressisse
764 2621 807 2697 ¹),
838 2618 983 2704 primum
1012 2619 1123 2683 nititur
1144 2620 1176 2683 in
1198 2645 1293 2686 versu
1315 2624 1382 2686 An·

321 2721 444 2787 nalium
470 2719 566 2801 hujus
597 2731 714 2806 poetae
747 2718 827 2783 salse
856 2719 1030 2806 explicato,
1079 2721 1197 2786 deinde
1230 2725 1381 2787 convenit

322 2847 383 2888 nec
405 2845 480 2886 cum
501 2821 631 2908 ingenio
654 2821 868 2908 moribusque
890 2821 1003 2899 Ennii,
1036 2846 1096 2886 nec
1118 2847 1192 2887 cum
1219 2825 1380 2889 scribendi

320 2926 457 3003 ratione,
478 2936 647 3012 postremo
664 2923 761 3010 plane
774 2922 932 2986 abhorret
948 2923 988 2986 ab
1001 2923 1062 3002 illa,
1084 2947 1147 3012 qua
1160 2949 1243 2989 unus
1255 2939 1382 3014 praeter

320 3039 445 3092 ceteros
467 3028 581 3113 poetas
603 3024 690 3110 apud
703 3026 874 3088 Romanos
895 3024 1034 3089 florebat
1055 3025 1121 3104 hic,
1143 3027 1253 3112 gloria,
1275 3052 1380 3117 popu·

320 3131 438 3194 larium
460 3127 640 3192 carminum
662 3126 842 3191 imitatione
865 3124 1080 3192 nullomodo
1102 3140 1202 3216 parta.

404 3231 552 3296 Primum
574 3229 670 3314 igitur
691 3241 921 3315 argumentum
943 3252 960 3292 a
983 3229 1056 3292 viris
1079 3230 1199 3308 doctis,
1226 3232 1281 3318 qui
1304 3232 1380 3297 Nie-

319 3332 498 3398 buhrianae
520 3331 631 3394 favent
647 3331 861 3412 conjecturae,
883 3330 1011 3395 nullum
1029 3331 1166 3396 omnino
1183 3333 1316 3397 allatum
1333 3346 1380 3398 est

318 3447 447 3524 praeter
469 3445 585 3498 notum
608 3433 699 3496 Bruti
724 3430 930 3497 Ciceroniani
953 3433 1117 3518 locum‘),
1138 3435 1171 3497 in
1194 3460 1259 3524 quo
1282 3436 1381 3502 inter-

317 3537 477 3625 pretando
506 3533 663 3600 Krausius
690 3535 775 3598 male
807 3535 939 3622 longus,
976 3535 1059 3599 mira
1091 3536 1216 3602 ratione
1250 3539 1380 3618 invenit,

318 3651 406 3704 vates
429 3635 591 3726 quosdam
613 3658 669 3700 seu
692 3615 839 3700 οἷοιὸυύς
860 3648 993 3700 naturae
1016 3636 1127 3701 divino
1149 3638 1275 3729 impetu
1297 3641 1380 3705 exci-

317 3753 402 3806 tatos
424 3739 623 3805 carminibus
646 3735 744 3825 epicis
760 3736 930 3802 historiam
948 3738 1132 3803 Romanam
1150 3743 1378 3830 propagavisse

317 3842 358 3906 ad
380 3853 529 3931 posteros
541 3845 578 3923 ⁸).
629 3840 733 3920 Hujus
762 3863 839 3904 vero
868 3852 903 3903 ut
929 3840 1078 3905 omittam
1108 3855 1235 3930 apertas
1262 3867 1379 3932 repug-

373 4044 498 4116 ¹)Nieb.
518 4046 589 4101 Hist.
608 4047 685 4102 Rom.
703 4047 723 4109 Ι,
742 4067 768 4117 p.
785 4047 844 4100 274.

369 4133 395 4203 ²)
413 4137 509 4189 Kraus.
527 4135 598 4189 Hist.
613 4134 676 4188 Litt.
691 4134 769 4188 Rom.
783 4154 809 4206 p.
828 4133 876 4199 sn
894 4134 1023 4189 Peterson
1033 4134 1123 4207 Origg.
1141 4135 1211 4190 Hist.
1228 4137 1305 4190 Rom.
1314 4155 1339 4208 p.
1350 4138 1374 4189 l.

370 4219 396 4290 ⁸)
415 4224 509 4277 Kraus.
528 4241 554 4294 p.
572 4221 614 4277 61.
633 4220 711 4276 fuisse
729 4220 777 4275 hoa
796 4220 943 4294 rhapsodos
963 4223 1068 4288 statuit3
1094 4236 1187 4279 contra
1205 4243 1230 4296 p.
1252 4223 1294 4278 77.
1317 4243 1376 4276 non

417 4311 498 4366 fuisse
516 4309 708 4382 rhapsodorum
727 4308 893 4381 disciplinam
911 4310 983 4381 apud
1001 4311 1146 4367 Romanos.
