3400 5042
806 530 888 612 '175

407 718 532 802 Quare,
551 717 699 804 quamvis
720 715 889 802 placerent
909 713 992 776 Livii
1014 712 1192 776 Andronici
1214 723 1246 776 et
1268 712 1379 776 Naevii

322 818 651 911 comoediaetamen
673 817 837 881 nesciebat
858 815 1009 902 populus,
1030 838 1070 892 an
1084 815 1275 901 pudendum
1288 827 1380 893 esset,

322 921 411 1008 quod
443 916 629 1006 placerent.⁴
662 919 802 982 Naevius
834 941 911 981 vero
945 907 1039 1003 epico
1068 917 1108 980 de
1136 917 1223 979 bello
1258 918 1378 980 l’unico

322 1026 430 1110 primo
454 1021 597 1086 carmine
619 1045 677 1085 suo
701 1043 902 1108 quamquam
923 1018 1037 1106 populi
1053 1018 1200 1083 savorem
1213 1019 1254 1082 ita
1267 1032 1379 1083 nactus

322 1138 399 1203 erat,
422 1137 456 1188 ut
473 1124 570 1188 etiam
585 1123 709 1186 Horatii
727 1135 877 1208 tempore
893 1121 925 1185 in
939 1122 1104 1185 mentibus
1117 1120 1265 1185 haereret
1275 1145 1379 1208 paene

322 1251 434 1292 recens
450 1231 508 1304 ³⁷),
544 1237 653 1288 tamen
685 1225 770 1311 apud
799 1223 926 1287 nobiles
953 1223 1081 1310 placere
1108 1247 1176 1287 non
1203 1223 1310 1309 potuit
1336 1225 1379 1287 ob

322 1327 591 1404 maledicentiam,
613 1327 699 1412 apud
723 1325 867 1390 eruditos
887 1325 1087 1412 Graecisque
1109 1326 1207 1390 literis
1228 1325 1381 1408 imbutos,

323 1431 397 1518 quia
419 1429 526 1494 forma
548 1429 707 1516 poematis
727 1427 861 1492 horrida
884 1451 920 1492 ac
942 1427 1031 1492 rudis
1052 1428 1231 1492 videbatur.

409 1535 445 1595 ln
479 1531 535 1595 has
564 1530 659 1618 igitur
691 1542 723 1594 et
755 1543 943 1618 temporum
973 1542 1005 1595 et
1033 1530 1206 1594 hominum
1239 1531 1379 1597 rationes

324 1634 509 1698 incidebant
526 1633 624 1696 Ennii
642 1632 781 1696 annales.
818 1634 846 1696 ls
865 1632 1005 1718 denique
1018 1656 1115 1695 omne
1129 1632 1200 1696 tulit
1211 1646 1379 1719 punctum,

325 1737 446 1824 quippe
464 1736 518 1822 qui
536 1734 701 1798 annalium
714 1734 935 1798 Maximorum
953 1733 1017 1797 fide
1034 1758 1071 1796 ac
1083 1736 1259 1813 sanctitate,
1281 1759 1380 1823 quam

326 1849 530 1926 sequeretur,
562 1836 675 1922 populi
703 1836 850 1898 savorem
879 1859 1047 1899 summum
1071 1835 1130 1899 sibi
1159 1841 1381 1916 conscisceret,

325 1942 451 2006 Graeca
473 1938 549 2002 artis
571 1937 678 2000 sorma
701 1937 732 1999 in
756 1937 864 2000 literas
887 1938 1015 2001 Latinas
1032 1948 1160 2023 recepta
1178 1939 1380 2004 eruditorum

324 2044 549 2128 nobiliumque
572 2038 843 2126 approbationem
866 2039 1182 2127 admirationemque
1203 2064 1382 2129 conseque·

325 2159 423 2210 retur.
466 2143 551 2206 Nam
575 2164 686 2204 revera
709 2140 876 2204 annalium
898 2140 1030 2204 illorum
1059 2140 1159 2205 fidem
1181 2155 1312 2228 poetam
1334 2167 1382 2208 se-

325 2259 436 2310 cutum
459 2233 536 2320 esse,
557 2243 653 2306 docet
674 2266 796 2306 nomen
819 2243 969 2306 carminis
986 2247 1034 2320 ³⁸),
1056 2266 1158 2328 quum
1180 2247 1381 2330 praesertim,

325 2348 428 2413 Fabio
452 2347 577 2410 Pictore
601 2344 719 2409 eodem
742 2345 876 2407 demum
900 2356 1049 2430 tempore
1071 2345 1202 2409 annales
1219 2370 1295 2411 suos
1306 2370 1379 2412 con·

324 2450 492 2526 scribente,
513 2470 580 2511 non
602 2457 712 2533 posset
733 2445 833 2510 alium
848 2445 972 2510 habere
988 2447 1075 2510 unde
1090 2446 1235 2512 hauriret
1245 2448 1380 2514 fontem.

325 2552 453 2638 Quodsi
475 2553 540 2631 jam
563 2572 659 2635 supra
682 2548 942 2612 demonstratum
962 2561 1018 2626 est,
1039 2550 1248 2637 antiquorum
1264 2574 1383 2616 monu-

324 2667 513 2719 mentorum
536 2651 717 2715 studiosum
741 2650 837 2713 fuisse
861 2650 1004 2714 Ennium
1019 2656 1074 2728 ⁸⁰),
1099 2654 1169 2732 jure
1192 2650 1324 2730 Cicero,
1350 2665 1382 2716 et

324 2755 499 2820 Annalium
523 2753 745 2818 Maximorum
768 2764 799 2815 et
826 2752 925 2814 totius
951 2751 1106 2817 historiae
1134 2755 1303 2818 Romanae
1325 2777 1382 2841 pe-

323 2857 518 2922 rititissimus
552 2853 714 2940 cognitor,
753 2853 840 2918 haud
873 2877 948 2917 raro
981 2855 1126 2918 Ennium
1158 2856 1191 2918 in
1222 2855 1381 2920 historicis

323 2961 419 3024 rebus
440 2966 556 3022 testem
578 2956 719 3034 adhibet,
740 2967 932 3042 tantumque
949 2955 1023 3020 fidei
1041 2958 1152 3021 tribuit
1168 2956 1205 3035 ei,
1227 2970 1261 3022 ut
1278 2959 1383 3022 Hero-

323 3063 439 3126 dotum
461 3061 516 3124 illo
539 3059 738 3123 veraciorem
765 3082 833 3122 esse
863 3071 960 3144 neget
975 3063 1024 3139 ⁴⁰).
1066 3060 1152 3123 Nam
1179 3061 1263 3123 bene
1290 3060 1383 3124 intel-

323 3165 402 3229 lexit
423 3162 558 3238 Ennius,
579 3161 603 3225 si
626 3160 755 3247 placere
779 3161 875 3225 vellet
897 3185 1029 3224 carmen
1051 3185 1146 3224 suum
1164 3163 1323 3226 Romanis
1340 3163 1381 3226 ad

324 3290 447 3344 rerum,
469 3277 505 3328 ut
526 3275 646 3340 essent,
672 3285 739 3325 non
762 3274 797 3326 ut
818 3261 893 3348 fingi
916 3275 1062 3348 possent,
1088 3265 1230 3344 jejunam
1252 3287 1384 3352 semper

324 3366 636 3454 contemplationem
658 3366 786 3451 pronis,
818 3387 885 3428 non
907 3364 1027 3430 debere
1048 3365 1126 3429 illud
1149 3366 1190 3429 ab
1216 3365 1383 3432 annalium

367 3616 405 3684 ³⁷)
424 3618 494 3672 Hor.
512 3617 580 3689 Epp.
600 3616 636 3669 ll.
656 3616 738 3679 1,53.

367 3703 406 3773 ³⁸)
425 3703 466 3758 ct
484 3703 630 3759 Diomedes
650 3703 697 3768 lll,
714 3723 740 3776 p.
759 3702 817 3756 480.

368 3790 405 3861 θ’)
424 3792 497 3847 ldern
516 3791 615 3846 docent
631 3789 661 3845 hi
679 3810 770 3847 versus
787 3811 827 3863 ap.
848 3789 921 3845 Gell.
940 3791 975 3844 N.
993 3790 1024 3844 Α.
1043 3790 1107 3855 Xll,
1124 3790 1155 3844 4:

539 3880 668 3935 ···multa
685 3892 781 3934 tenens
800 3880 917 3952 antiqua,
935 3877 1037 3951 sepulta
1053 3889 1170 3931 vetustas

461 3968 539 4038 Quae
559 3967 635 4034 facit,
655 3979 681 4022 et
698 3987 787 4022 mores
806 3979 963 4039 veteresque
981 3986 1117 4039 novasque
1135 3976 1281 4027 tenentem,

460 4056 606 4110 Multarum
624 4068 741 4110 veterum
759 4054 845 4126 legum
864 4054 1016 4127 Divomque
1034 4053 1223 4124 hominumque

461 4142 658 4197 Pendentem·-

368 4229 405 4299 ιο)
425 4229 481 4286 Cic.
504 4229 580 4284 Brut.
600 4251 621 4284 c.
641 4233 687 4297 15,
713 4231 746 4285 de
765 4231 827 4284 Div.
848 4231 881 4294 ll,
905 4232 946 4283 bb.
981 4229 1067 4285 Etiam
1091 4228 1171 4283 Nieb.
1190 4227 1226 4282 Η.
1245 4228 1277 4281 R.
1295 4227 1316 4290 l,
1333 4226 1385 4280 283

426 4317 454 4372 in
473 4316 650 4391 conputandia
669 4336 800 4371 annorum
818 4318 964 4372 rationibus
975 4318 1067 4373 Ennio
1085 4316 1248 4390 aliquantum
1266 4313 1367 4368 tribuit„
