3400 5042
815 539 889 612 159

324 715 395 801 lege
417 715 478 779 hac
511 714 696 778 fabularum
728 715 769 779 ab
802 715 867 779 risu
899 737 936 777 ac
972 713 1079 777 soluto
1117 717 1191 795 joco
1223 739 1276 779 res
1307 737 1383 779 avo-

324 818 471 895 cabatur,
510 829 542 880 et
569 817 663 881 ludus
691 818 723 880 in
751 829 854 880 artem
881 817 1051 903 paullatim
1082 828 1238 894 verterat,
1269 820 1383 898 juven-

323 932 389 996 tus,
421 919 635 984 histrionibus
663 919 858 983 fabellarum
888 931 962 982 actu
989 919 1114 996 relicto,
1146 920 1214 1005 ipsa
1241 921 1327 984 inter
1347 946 1381 985 se

299 1045 418 1086 imore
447 1023 580 1110 antiquo
610 1022 742 1086 ridicula
771 1025 891 1086 intexta
919 1021 1064 1085 versibus
1091 1022 1233 1100 jactitare
1264 1025 1381 1110 coepit,

323 1124 410 1188 unde
433 1137 555 1201 exorta,
577 1148 659 1212 quae
683 1125 795 1188 exodia
817 1137 929 1211 postea
946 1123 1106 1209 appellata
1128 1137 1381 1213 conservataque

322 1227 438 1291 sabulis
460 1227 666 1314 potissimum
686 1227 842 1290 Atellanis
865 1238 968 1290 sunt«
1003 1226 1064 1288 Hic
1085 1225 1230 1311 primum
1252 1228 1379 1292 verbis:
1449 1274 1453 1280 -

323 1327 555 1392 »histrionibus
572 1333 760 1410 fabellarum
786 1341 859 1393 actu
886 1328 1019 1392 relicto«
1048 1332 1184 1392 Graecas
1212 1329 1293 1393 Livii
1315 1332 1382 1394 An-

323 1429 448 1495 dronici
462 1432 593 1511 fabulas
620 1454 688 1495 esse
715 1431 953 1516 intelligendas,
984 1454 1001 1493 e
1024 1431 1131 1494 verbis
1158 1429 1247 1495 hunc
1272 1443 1380 1496 totum

321 1532 431 1596 locum
453 1532 723 1619 praecedentibus
744 1533 957 1619 conspicitur,
990 1531 1078 1596 unde
1104 1531 1188 1596 hanc
1215 1533 1312 1598 luisse
1333 1557 1382 1598 se·

322 1633 432 1720 quitur
463 1633 657 1698 exodiorum
690 1635 861 1698 rationem.
926 1634 1040 1719 Quum
1074 1634 1219 1699 Graecae
1250 1635 1380 1701 fabulae

325 1735 411 1822 apud
435 1736 578 1799 eruditos
602 1736 737 1823 quidem*
757 1735 934 1822 placerent,
957 1737 1198 1800 multitudinem
1216 1760 1294 1801 vero
1311 1761 1380 1802 non

321 1837 363 1901 ita
387 1837 577 1914 detinerent,
599 1839 677 1924 quin
695 1837 811 1926 pugilis
827 1837 877 1901 vel
896 1841 958 1901 ursi
977 1839 1160 1924 spectaculo
1178 1862 1274 1925 saepe
1291 1854 1381 1925 post·

322 1951 529 2026 ponerentur,
553 1941 686 2020 juvenes
708 1941 848 2004 Romani
872 1939 981 2004 denuo
1003 1940 1044 2003 ad
1065 1940 1195 2027 antiqua
1217 1941 1270 2006 illa
1290 1943 1381 2023 jocu-

321 2041 397 2105 laria
438 2065 519 2128 quae
557 2041 655 2105 animi
692 2063 867 2128 moresque
897 2042 1001 2127 plebis
1028 2041 1069 2105 ad
1100 2043 1379 2108 Fescenninorum

321 2143 577 2230 Saturarumque
610 2142 773 2229 lasciviam
806 2142 1049 2230 ludibriumque
1082 2143 1272 2209 inclinantes
1299 2146 1381 2211 desi-

322 2244 487 2323 derabant,
508 2245 702 2332 peragenda,
723 2257 759 2308 ut
779 2257 872 2309 antea
894 2257 1138 2323 consueverant,
1160 2269 1194 2309 se
1212 2259 1379 2311 converte·

320 2359 407 2411 runt.
460 2351 573 2434 ltaque
605 2348 749 2434 primum
781 2346 844 2410 hae
875 2363 1001 2412 saturae
1030 2349 1181 2435 antiquae
1209 2349 1249 2411 ad
1277 2347 1379 2413 finem

322 2449 522 2514 Graecarum
540 2448 724 2512 fabularum
742 2448 869 2512 additae
886 2454 998 2514 exodia
1014 2450 1276 2536 appellabantur;
1298 2461 1378 2528 tum,

321 2552 548 2616 accedentibus
570 2550 609 2614 ad
631 2534 702 2614 illas
726 2549 821 2614 Oscis
843 2552 993 2636 personis
1016 2563 1047 2614 et
1068 2563 1270 2638 argumente,
1293 2557 1380 2618 Atel·

321 2661 409 2718 lanae
431 2653 538 2717 eidem
559 2653 676 2716 rationi
699 2652 909 2717 inservientes
935 2654 1024 2725 idem
1052 2677 1175 2718 nomen
1197 2654 1379 2734 trahebant,

320 2768 353 2820 et
379 2768 553 2842 utrumque
580 2755 718 2840 posteris
749 2754 953 2841 temporibus
984 2757 1156 2842 praecipue
1183 2757 1379 2834 retinebant,

321 2857 438 2921 deinde
461 2858 557 2921 etiam
579 2863 661 2921 mimi
679 2869 711 2922 et
728 2864 920 2943 pantomimi,
951 2857 1011 2921 alia
1038 2857 1199 2937 ejusmodi
1226 2880 1309 2944 quae
1337 2859 1378 2922 ad

318 2959 521 3045 tragoediam
542 2960 748 3049 potissimum
775 2959 972 3024 adderentur
993 2960 1033 3024 ad
1055 2960 1282 3026 exhilarandos
1304 2984 1379 3048 spe·

319 3073 480 3126 ctatorum
502 3062 638 3140 animos,
660 3061 729 3148 pari
752 3063 968 3149 appellatione
989 3063 1187 3126 notabantur
1200 3065 1253 3143 ²⁷).

422 3347 660 3402 Grammaticorum
677 3347 833 3402 Nicomachi
847 3348 961 3402 Dexteri
979 3347 1164 3403 etVietoriaui
1182 3347 1377 3421 depromptum,

421 3435 552 3489 existimat
578 3436 787 3507 antiquissimum
812 3449 900 3491 textus
927 3438 1031 3492 fontem
1055 3456 1111 3490 eece
1137 3435 1239 3508 primae
1270 3437 1377 3493 decadis

421 3521 554 3578 Livianae.
1069 3528 1071 3532 ’

363 3606 400 3678 ²⁷)
421 3609 512 3665 Simile
532 3631 615 3682 genus
634 3611 758 3665 ludorum
776 3611 942 3684 popularium
956 3611 1026 3683 apud
1040 3612 1176 3683 Hispanos
1195 3625 1305 3668 vocetur
1318 3611 1376 3668 loas

421 3695 602 3772 (Vorspiele)
630 3712 657 3753 et
684 3712 846 3754 entremeses
874 3697 1135 3770 (Zwischenspiele,
1171 3699 1377 3765 Volksdramen,

421 3783 548 3856 Fercen).
584 3787 616 3840 cf.
636 3788 681 3840 Fr.
699 3808 725 3840 v.
736 3786 856 3843 Schack:
876 3786 1040 3843 Geachichte
1058 3784 1106 3842 der
1123 3786 1317 3844 dramatischen
1333 3787 1378 3840 Li·

420 3885 521 3927 teretur
538 3876 567 3927 in
584 3873 711 3946 Spenien.
748 3875 846 3930 llerlin.
866 3873 941 3930 1845.
960 3873 1012 3928 Th.
1031 3871 1067 3928 ll.
