3400 5042
855 531 929 605 132

571 713 722 775 »Ducant
743 710 914 798 pervigiles
937 711 1079 775 carmina
1101 711 1207 788 tibiae,

520 797 531 812 ⁶
572 814 806 901 permissisque
827 813 906 894 jocis
928 814 1020 876 turba
1043 813 1192 876 licentior

567 915 716 979 Exsultet
737 915 857 979 tetricis
878 915 979 979 libera
996 915 1139 1002 legibus«
1157 921 1204 994 ²⁶).

438 1014 508 1079 Nec
530 1016 706 1081 deluerunt
727 1030 800 1081 ante
824 1015 999 1081 Claudium
1023 1017 1251 1094 Claudianum,
1273 1020 1327 1104 qui
1340 1019 1418 1080 Fes-

355 1119 524 1183 scenninos
561 1132 818 1206 componerent,
861 1131 896 1183 ut
929 1118 1076 1184 Catullus
1097 1124 1158 1200 ²⁷),
1206 1121 1327 1206 quippe
1360 1121 1415 1205 qui

353 1219 490 1284 omnino
506 1220 644 1285 libenter
656 1233 762 1285 utatur
772 1222 923 1309 populari
934 1245 1093 1298 sermone,
1115 1223 1183 1307 ipse
1195 1226 1358 1307 Augustus
1374 1227 1414 1299 ²⁸)

352 1323 524 1387 Macrobio
546 1335 641 1400 teste,
663 1324 831 1387 Annianus
855 1324 994 1410 denique
1018 1323 1115 1388 Gellii
1137 1324 1292 1411 aequalis,
1314 1335 1411 1409 poeta

351 1425 493 1488 Faliscus
516 1448 533 1489 a
556 1425 774 1511 grammaticis
796 1438 929 1490 vocatus
945 1431 996 1506 ²⁰).
1041 1425 1197 1489 Ceterum
1225 1447 1410 1500 numerum,

350 1549 416 1614 quo
438 1551 550 1591 versus
572 1527 764 1591 Fescennini
786 1542 1075 1615 componerentur,
1097 1528 1248 1592 Saturnio
1269 1526 1410 1590 similem

349 1652 418 1693 esse
441 1629 551 1693 Livius
572 1628 682 1707 tradit,
704 1653 755 1693 res
777 1631 845 1717 ipsa
869 1631 978 1704 docet;
1006 1629 1172 1693 Creticum
1196 1652 1287 1704 vero,
1309 1651 1408 1715 quem

349 1730 529 1795 Diomedes
551 1721 791 1796 Fescenninum
814 1732 906 1809 dicit,
937 1732 1135 1818 procedente
1164 1744 1313 1816 tempore
1337 1753 1408 1792 esse

346 1830 528 1896 adhibitum
556 1833 597 1896 ad
623 1833 712 1911 illos,
750 1856 957 1921 nequaquam
974 1839 1013 1911 ³⁰)
1041 1833 1137 1919 plane
1165 1833 1269 1895 omitti
1291 1844 1408 1918 potest,

345 1957 448 2021 quum
481 1934 579 1999 etiam
610 1936 692 1999 infra
730 1933 901 2022 vestigium
937 1934 1032 2016 hujus
1070 1935 1198 1998 numeri
1237 1935 1407 1997 inventum

342 2034 533 2100 habeamus.

427 2141 550 2204 Totum
572 2162 651 2203 vero
674 2138 739 2203 hoc
761 2139 943 2202 carminum
964 2138 1173 2225 popularium
1186 2161 1297 2225 genus,
1316 2163 1332 2202 a
1350 2163 1405 2203 ru-

343 2242 427 2306 sticis
450 2241 651 2306 solemnibus
678 2242 718 2304 ad
748 2240 994 2327 triumphorum
1020 2264 1181 2327 pompam
1209 2242 1404 2328 popularem

341 2344 483 2431 quidem,
504 2344 560 2408 sed
583 2344 623 2407 ad
636 2343 798 2407 civitatem
810 2342 961 2406 bellicam
972 2343 1190 2430 pertinentem
1203 2344 1402 2422 translatum,

339 2445 427 2509 idem
457 2458 505 2510 est
531 2469 568 2509 ac
594 2444 809 2531 triumphales
842 2460 962 2510 versus.
1017 2445 1103 2509 Nam
1132 2457 1168 2507 ut
1194 2457 1340 2531 pastores
1369 2458 1402 2510 et

338 2547 496 2634 agricolae
525 2547 611 2611 inter
637 2547 747 2633 epulas
774 2547 933 2634 jocosque
959 2549 1096 2611 rusticos
1122 2546 1298 2611 laudabant
1323 2570 1400 2610 snos

337 2648 432 2727 deos,
464 2649 506 2713 ita
529 2648 646 2712 milites
673 2649 758 2712 inter
779 2648 890 2735 epulas
916 2651 1074 2735 jocosque
1101 2648 1257 2713 militares
1286 2649 1400 2713 trium-

335 2749 496 2837 phatoris,
522 2751 643 2838 quippe
667 2751 721 2836 qui
743 2750 822 2813 deus
843 2773 947 2836 paene
969 2748 1126 2835 triumphi
1150 2749 1201 2813 die
1223 2751 1397 2828 videretur,

334 2853 473 2939 gloriam
499 2851 648 2917 laudibus
677 2852 831 2916 extollere
865 2852 1024 2916 solebant.
1079 2851 1309 2936 Quamobrem
1330 2855 1396 2934 jam

334 2954 375 3019 ad
398 2959 458 3020 boc
479 2977 580 3041 genus
603 2955 786 3018 carminum
808 2965 883 3040 apte
905 2953 1032 3018 transiri
1055 2955 1175 3039 poterit
1190 2956 1243 3033 ³¹).

332 3123 545 3137 ..ffl-

376 3220 413 3290 ²⁸)
433 3222 525 3276 Claud.
545 3222 684 3277 Claudian.
703 3220 751 3284 lV,
769 3221 810 3276 30.

375 3306 412 3378 ²⁷)
432 3308 531 3364 Catull.
549 3330 627 3364 caim.
645 3309 687 3363 61.

375 3395 412 3466 ²⁸)
430 3400 552 3454 Macrob.
571 3398 625 3452 Sat.
644 3398 677 3460 ll,
695 3397 720 3449 4.

373 3482 410 3553 ²⁸)
430 3485 501 3541 Gell.
520 3486 556 3541 N.
574 3486 607 3540 Α.
626 3487 685 3553 ΧΧ,
703 3484 728 3547 8,
747 3485 769 3536 l.
789 3486 822 3539 cf.
842 3483 937 3538 Crinit.
956 3483 990 3538 de
1009 3496 1091 3554 poett.
1102 3483 1204 3540 Lattc.
1215 3485 1256 3539 76.
1273 3485 1299 3537 J.
1313 3484 1389 3538 Voss.

429 3572 464 3628 da
481 3586 565 3647 poett.
583 3573 653 3627 Latt.
671 3593 693 3627 c.
711 3573 734 3625 4.
754 3572 848 3626 Nluell.
866 3573 967 3626 Etrusc.
985 3571 1018 3634 ll,
1035 3571 1095 3626 286.

372 3657 408 3730 ³⁰)
426 3661 575 3716 Diomedes
594 3660 643 3724 lll,
660 3681 686 3734 p.
703 3661 762 3714 475.

370 3745 408 3818 ³¹)
426 3749 526 3804 Modoa
545 3762 689 3822 cantusque
709 3748 786 3803 etiam
806 3769 820 3803 a
839 3748 926 3803 nautis
945 3747 1138 3820 remigstiusque
1163 3747 1296 3802 adhibitos
1320 3769 1388 3812 esse,

428 3857 481 3909 quo
500 3835 602 3892 facilius
619 3836 738 3892 laborem
753 3837 911 3908 perferrent,
931 3836 1011 3890 docet
1021 3835 1183 3890 Censorinus
1192 3835 1225 3890 de
1235 3837 1288 3890 Die
1299 3835 1386 3890 Natal
1443 3885 1446 3892 .

426 3945 448 3979 o.
468 3927 507 3978 12.
527 3923 560 3980 es.
580 3925 678 3980 Ancon.
697 3923 809 3978 Pedian.
829 3924 864 3979 ad
873 3923 930 3980 Cic·
948 3921 1068 3977 Divinat.
1087 3922 1121 3986 V,
1139 3923 1180 3977 17.
1208 3924 1244 3978 At
1258 3924 1386 3993 ejusmodi

426 4025 518 4067 cantus
536 4025 673 4067 nautarum
692 4025 736 4067 aut
755 4012 832 4067 certis
842 4012 932 4066 verbis
943 4031 1034 4066 carere
1043 4011 1140 4074 solent,
1159 4010 1241 4066 autin
1252 4013 1386 4067 obseoena

424 4099 539 4154 ludibria
557 4101 663 4154 abeunt.
698 4101 790 4188 ltaque
813 4100 836 4154 si
861 4120 912 4172 qua
935 4111 1012 4153 erant
1034 4112 1171 4153 nautarum
1193 4098 1324 4162 carmina,
1352 4119 1386 4152 ex

424 4206 477 4258 quo
494 4188 607 4260 primum
616 4189 731 4244 Romani
749 4209 792 4243 res
810 4208 869 4245 ruas
887 4189 952 4242 mari
970 4187 1166 4251 commiserunt,
1183 4186 1385 4242 aFescenninis

422 4291 520 4345 genera
537 4293 595 4329 non
613 4273 717 4331 diversa
734 4274 812 4330 fuisse
831 4273 998 4332 crediderim.
