3400 5042
257 770 260 777 ·
346 735 463 822 ingenii
476 757 673 826 morumque
685 735 811 804 indoles
823 747 964 827 quatuor
978 735 1153 802 bominum
1164 735 1295 803 illorum
1308 736 1406 802 etiam

345 861 408 922 ore⁵
434 837 510 903 ficto
543 848 575 902 et
607 836 791 925 composito
824 848 972 902 actorum
1006 837 1246 925 exprimeretur
1273 859 1404 903 necesse
1433 908 1436 913 4

267 965 270 969 ’
345 949 439 1005 esset.
484 940 595 1026 ltaque
616 950 746 1026 praeter
768 937 872 1002 Oscae
892 960 1050 1024 personas
1076 937 1333 1027 concinniusqua
1354 937 1405 1002 his

343 1039 419 1127 ipsis
450 1037 613 1104 redditum
652 1049 882 1123 argumentum
921 1038 1013 1120 facile
1045 1039 1256 1126 conspicitur,
1303 1061 1402 1128 quam

344 1141 465 1207 luerint
487 1139 704 1204 Atellaneevi
728 1163 764 1204 ec
786 1139 937 1206 facultate
959 1139 1081 1206 similes
1103 1129 1311 1206 Fescenninis
1331 1161 1404 1206 ver-

345 1243 432 1307 sibus
455 1253 486 1305 et
507 1241 621 1305 satiaris
645 1241 815 1319 Romanis,
848 1258 951 1330 quum
972 1242 1006 1306 in
1027 1238 1153 1307 iis'non
1176 1243 1405 1330 minus-'appa-

254 1332 257 1337 '
343 1356 411 1410 reat
431 1343 615 1430 superstitio
636 1342 688 1405 illa
712 1366 787 1406 cum
817 1343 1037 1408 obscoenitate
1060 1356 1092 1408 et
1112 1345 1240 1425 jocandi
1266 1344 1404 1408 illuden-

345 1447 442 1534 dique
469 1444 597 1532 procaci
624 1443 750 1507 licentia
779 1447 960 1524 conjuncta.
1004 1445 1090 1508 Nam
1114 1446 1349 1533 et-prodibant
1368 1432 1403 1509 in

344 1571 473 1612 scenam
496 1544 710 1610 Atellanicam
731 1545 902 1610 horrificae
925 1546 1233 1634 speciei‘personae,
1255 1560 1289 1612 ut
1310 1549 1404 1612 Man·
1469 1548 1472 1554 ’

327 1649 455 1736 duem,
475 1647 597 1737 Pytho,¹
613 1648 809 1734 Gorgonius,
831 1648 943 1712 Lamia
961 1650 1113 1738 ¹⁰),'·quae
1135 1662 1260 1737 spectra
1277 1649 1403 1736 magnis
1491 1677 1494 1683 ·

343 1751 650 1836 dehisce'ntibusque
672 1750 779 1827 malis,
805 1749 941 1814 humani
963 1772 1143 1838 puerorum
1165 1751 1326 1838 sanguinis
1348 1769 1403 1816 cu·
1452 1764 1455 1769 '

237 1918 239 1925 ,
341 1854 417 1944 pida
435 1851 711 1938 ingrediebantur,
733 1850 934 1929 ethonore,
955 1864 1047 1939 grato
1068 1853 1267 1939 plebeculae,
1278 1865 1403 1939 specta-

239 1945 242 1951 ⁶
342 1968 452 2020 torum
475 1954 601 2017 animos
628 1953 825 2040 implebant3
850 1965 892 2018 et
908 1955 1001 2035 jocos
1023 1955 1057 2018 in
1084 1956 1238 2019 Atellanis
1264 1956 1402 2045 popula·

341 2057 446 2133 ribus,
479 2055 626 2144 quamvis
654 2050 858 2142 palliatarum
887 2055 1132 2120 comoediarum
1158 2057 1280 2121 facetiis
1305 2057 1400 2121 facile

335 2157 500 2234 celsiores,
520 2168 630 2221 tamen
652 2156 806 2221 effrenata
829 2156 957 2221 lascivia
979 2181 1016 2221 ac
1037 2149 1400 2245 protervitateobscoe·

341 2261 390 2326 nis
409 2257 655 2346 immundisque
676 2259 773 2322 rebus
795 2257 980 2336 indulsisse,
1001 2259 1099 2324 docet
1119 2283 1256 2349 magnus
1273 2260 1400 2349 amphi-

340 2362 502 2428 boliarum
535 2360 848 2448 ambiguitatumque
876 2383 915 2424 eo
943 2362 1158 2448 spectantium
1186 2363 1220 2426 in
1236 2349 1344 2454 'Novii
1367 2375 1400 2427 et

341 2463 515 2550 Pomponii
537 2461 727 2548 fragmentis
748 2467 916 2533 numerus.
958 2463 1167 2528 Accedebant
1190 2487 1252 2551 pro
1274 2465 1323 2530 rei·
1343 2485 1402 2529 na:

240 2556 243 2562 ¹
338 2578 413 2632 tura
434 2563 588 2630 obscoeni
611 2563 828 2653 scurrilesque
850 2576 959 2653 gestus
982 2589 1018 2630 ac
1040 2577 1163 2644 motus,
1190 2566 1280 2630 velut
1299 2591 1397 2632 sunna

339 2668 571 2755 et'-=hominum
585 2718 588 2722 .
604 2676 768 2730 certorum
801 2672 1033 2755 demonstratio,
1076 2691 1159 2756 quos
1181 2669 1396 2733 Terentianus

314 2829 318 2836 .
337 2771 474 2841 Maurus
492 2775 629 2855 petulcos
650 2768 792 2857 appellat
808 2773 874 2848 ¹⁷).'
1322 2784 1325 2789 '

363 2898 366 2903 ·
389 2906 394 2915 ·
422 2872 552 2958 Quanta
573 2892 706 2958 prorsus
728 2871 795 2934 a'cie
818 2871 1040 2936 Atellanarum
1066 2883 1192 2936 actores
1218 2873 1397 2960 carpserint

269 3035 272 3041 .
338 2975 512 3041 civium-in
534 2972 699 3060 republica
726 2971 801 3037 vitia
829 2985 861 3038 et
885 2996 1055 3060 perversas
1082 2973 1252 3060 opiniones
1278 2974 1398 3040 ridicu-

256 3151 258 3155 ,
337 3079 451 3165 losque
473 3099 591 3151 mores,
613 3099 652 3140 eo
671 3076 797 3162 optime
809 3075 1005 3162 intelligitur,
1027 3075 1125 3163 quod,
1147 3099 1249 3163 quum
1261 3077 1394 3142 nomina

338 3179 492 3266 appellari
514 3178 626 3243 edictis
646 3178 885 3264 imperatorum
907 3177 1041 3241 vetitum
1063 3189 1154 3254 esset,
1176 3198 1217 3242 ne
1237 3189 1309 3245 turn
1326 3179 1396 3266 qui-

338 3282 414 3346 dem
441 3281 654 3357 abstinerent,
692 3280 769 3367 quin
796 3279 887 3342 vultu
914 3290 1070 3367 gestuque
1098 3279 1161 3343 hos
1188 3279 1276 3366 ipsos
1301 3303 1396 3346 vexa·

337 3394 410 3449 rent
427 3389 474 3463 ¹⁸).
517 3385 685 3447 Praeterea
707 3404 774 3446 non
796 3381 1027 3468 negligendum
1049 3393 1110 3459 est,
1135 3404 1231 3468 saepe
1252 3382 1394 3450 ludicros

336 3509 463 3564 versus,
485 3485 596 3573 quales
620 3506 717 3570 supra
740 3484 893 3570 descripti
914 3496 1002 3560 sunt,
1022 3494 1171 3548 recenter
1191 3487 1394 3572 compositos

217 3647 222 3655 .
325 3588 433 3678 'vulgo
455 3589 487 3651 in
513 3588 678 3652 Atellanos
698 3587 838 3653 insertos
851 3609 939 3664 esse,
960 3585 1076 3675 additis
1098 3586 1194 3651 etiam
1210 3588 1393 3673 proverbiis

226 3742 228 3747 2
336 3696 369 3756 e‘t
389 3690 555 3755 sententiis
577 3689 618 3754 ad
640 3689 739 3753 vitam
761 3688 892 3753 utilibus
908 3693 959 3770 ¹⁹).
1323 3688 1326 3694 ’

335 3817 548 3831 *-

381 3878 417 3950 16)
436 3881 522 3936 Pleut.
540 3881 650 3937 Rudent
670 3881 704 3944 ll,
722 3880 747 3945 6,
765 3881 807 3934 bl.
825 3880 921 3937 Munk.
939 3902 965 3954 p.
984 3881 1018 3935 ⁴12
1036 3893 1063 3936 et
1080 3881 1122 3937 43.

381 3966 417 4040 ¹⁷)
435 3971 548 4026 Terent.
565 3973 676 4027 Maurus
695 3969 728 4023 de
746 3982 821 4024 metr.
858 3967 966 4025 Putsch.
984 3990 1009 4042 p.
1026 3971 1102 4026 2436.
1137 3973 1181 4028 De
1203 3973 1288 4028 verbo
1310 3992 1393 4028 senna

435 4059 538 4114 babent
555 4056 647 4113 lexica.

380 4145 416 4216 ¹⁸)
434 4148 546 4201 Sueten.
565 4147 631 4217 Aug.
650 4146 691 4199 tt.
710 4145 776 4199 Tib..
786 4146 827 4198 45.
847 4144 981 4216 caligat.
1000 4147 1075 4204 Nero
1083 4148 1126 4203 ³9.
1146 4142 1234 4205 Galba
1244 4150 1284 4205 13.
1294 4149 1390 4204 Muulr.

349 4258 352 4262 ·
437 4235 470 4290 de
487 4234 538 4290 sab,
558 4235 639 4307 nep.
658 4234 700 4297 60,
718 4233 761 4298 63,
778 4232 820 4287 65.

379 4323 403 4361 ¹⁸
433 4323 527 4379 Stieve
546 4321 579 4378 de
596 4323 636 4377 rei
654 4342 726 4378 acen.
745 4323 828 4394 origg.
846 4343 873 4395 p.
890 4321 933 4376 58.
