3400 5042
810 547 886 624 100

319 719 560 809 Quinctilianus
576 726 613 800 ¹⁸)
635 734 761 787 tantum
781 723 969 788 fabularum
990 723 1023 786 in
1046 721 1082 786 iis
1105 722 1237 796 invenit,
1258 730 1379 785 utnon

318 822 472 888 inutiliter
492 835 622 888 censeat
644 824 794 909 subjungi
818 824 867 901 iis,
898 837 932 888 ut
954 825 1097 888 carmine
1126 823 1264 898 traditis,
1297 844 1381 908 opus

318 922 535 990 confirmandi
559 937 591 988 et
612 925 807 991 destruendi.
862 927 915 990 Sic
938 924 1004 990 lieri
1033 949 1099 989 non
1129 935 1270 1012 poterat,
1301 924 1378 1010 quin

319 1045 394 1092 cum
422 1026 520 1092 sacris
549 1025 635 1090 libris
663 1025 805 1091 Annales
833 1026 967 1092 Maximi
1002 1025 1051 1090 his
1079 1025 1119 1089 de
1154 1025 1251 1091 rebus
1284 1024 1380 1112 plane

318 1126 553 1205 consentirent,
586 1148 686 1215 quum
715 1125 833 1193 eodem
862 1127 991 1214 ingenio
1014 1138 1046 1192 et
1075 1150 1173 1191 nsanu
1204 1137 1380 1212 utrumque

320 1251 420 1314 genus
450 1227 670 1315 conscriptum
692 1239 785 1293 esset.
836 1228 948 1316 ltaque
970 1225 1127 1316 perierint
1154 1227 1228 1292 licet
1256 1225 1380 1291 Gallica

321 1329 411 1395 clade
435 1328 577 1395 Annales
600 1330 742 1406 Maximi,
765 1341 874 1395 tamen
898 1354 936 1396 ex
957 1329 1008 1394 his
1031 1328 1128 1393 sacris
1149 1327 1238 1392 libris
1261 1339 1292 1390 et
1314 1326 1381 1391 aliis

321 1429 516 1518 quibusdam
545 1430 670 1517 scriptis
699 1431 921 1495 monumentis
949 1431 1100 1518 publicis,
1132 1453 1215 1517 quae
1244 1430 1382 1492 Senatus

321 1534 428 1596 statim
452 1545 580 1618 recepta
604 1533 683 1597 urhe
707 1557 723 1596 a
747 1533 850 1596 Gallis
873 1533 1094 1620 conquirenda
1117 1544 1149 1594 et
1172 1530 1381 1594 restauranda

321 1635 456 1710 curavit,
479 1635 511 1696 in
533 1634 695 1720 integrum
719 1635 839 1698 restitui
863 1646 1024 1721 poterant.

407 1736 533 1820 Quodsi
559 1736 611 1800 his
640 1737 872 1823 antiquissimis
900 1739 931 1800 in
966 1738 1111 1800 lontibus
1138 1735 1289 1798 historiae
1318 1735 1383 1796 tto-

322 1863 447 1917 manae,
468 1861 680 1926 quaecunque
702 1839 885 1904 acciderant
901 1852 955 1904 aut
973 1840 1057 1904 bona
1070 1837 1231 1914 antrnala,
1252 1859 1385 1921 semper

321 1941 361 2006 ad
385 1940 464 2005 deos
483 1953 632 2005 auctores
649 1942 885 2017 referebantur,
906 1942 996 2005 nullo
1012 1964 1183 2004 causarum
1201 1939 1383 2002 necessario

321 2067 469 2108 connexu
505 2031 679 2129 explicato,
717 2043 826 2107 mirari
860 2032 926 2107 non
961 2065 1134 2129 possumus
1168 2041 1383 2106 dramaticum

321 2145 486 2232 quendam
508 2145 654 2208 colorem
677 2144 709 2208 in
732 2168 783 2208 res
806 2146 974 2208 Romanas
997 2144 1142 2208 ellusum
1166 2167 1250 2218 esse,
1284 2165 1383 2228 quem

320 2247 354 2310 in
376 2246 526 2310 letalibus
549 2245 754 2310 Graecorum
778 2245 953 2333 tragoediis
972 2245 1164 2308 invenimus.
1200 2246 1384 2308 lluncvero

322 2361 354 2412 et
376 2347 555 2436 Dionysius
577 2358 609 2411 et
631 2345 821 2412 Plutarchus
844 2347 927 2410 bene
950 2347 1164 2411 observarunt
1181 2353 1236 2426 ¹⁴),
1268 2369 1328 2409 nos
1350 2345 1384 2407 in

322 2450 403 2516 Livii
426 2449 610 2514 narratione
633 2449 753 2536 ubique
775 2449 905 2515 subesse
927 2449 1084 2513 sentimus
1101 2452 1149 2527 ¹⁵).
1185 2446 1385 2512 Perlustrlm-

320 2553 407 2618 tibus
429 2552 524 2638 igitur
546 2550 693 2638 Dionysii
717 2575 753 2614 ae
775 2550 856 2615 Livii
885 2550 987 2615 libros
1010 2573 1111 2638 usque
1134 2549 1174 2614 ad
1199 2549 1314 2614 Gallici
1338 2547 1385 2612 in-

322 2653 426 2720 cendii
448 2665 578 2740 tempus
607 2651 639 2716 in
667 2674 862 2740 unaquaque
890 2653 959 2718 lere
987 2652 1103 2737 pagina
1127 2661 1302 2715 occurrunt
1334 2674 1386 2714 res

321 2755 482 2843 quaedam
504 2765 681 2831 enarratae,
703 2778 782 2841 quas
804 2778 870 2819 non
889 2778 985 2841 posse
1003 2754 1063 2818 nisi
1081 2778 1098 2816 e
1116 2752 1386 2817 sacerdotumsu·

320 2857 510 2944 perstitionis
531 2855 620 2920 libris
642 2856 855 2943 depromptas
877 2881 961 2932 esse,
989 2868 1057 2921 tam
1079 2856 1249 2942 perspicue
1272 2854 1387 2928 elucet,

322 2972 357 3024 ut
379 2958 581 3046 superfluum
600 2958 746 3022 videatur
762 2981 876 3024 earum
899 2983 1070 3022 recensum
1094 2958 1157 3021 hoc
1176 2957 1250 3021 loco
1268 2955 1388 3018 adscri-

322 3062 410 3126 bere.
450 3062 519 3124 Hae
542 3083 620 3124 vero
642 3060 735 3124 facile
758 3060 879 3148 ubique
898 3085 915 3124 e
933 3073 1039 3126 cetera
1061 3059 1245 3125 narratione
1263 3057 1386 3141 seiungi

322 3173 475 3249 possunt,
503 3173 538 3224 ut
559 3162 686 3226 nullum
709 3161 783 3227 inde
803 3163 917 3226 existat
938 3163 1005 3227 sani
1029 3185 1194 3227 connexus
1209 3161 1387 3225 detrimen-

323 3277 409 3344 tum,
442 3275 474 3327 et
496 3263 617 3349 integra
641 3265 834 3352 plerumque
858 3277 890 3329 et
911 3266 1018 3346 jejuna
1048 3265 1175 3338 historia
1199 3276 1318 3328 restare
1342 3264 1388 3325 ri·

369 3530 405 3600 ¹³)
425 3527 534 3601 Qutna.
554 3532 619 3586 sne.
639 3534 715 3587 Orat.
736 3518 769 3596 tl,
787 3534 812 3598 s,
833 3534 872 3587 ss.

369 3639 405 3709 ¹⁸)
424 3638 571 3711 Dionysius
591 3641 619 3693 in
637 3639 747 3694 historia
765 3643 887 3696 Romana
905 3643 1014 3714 agnovit
1033 3643 1064 3694 lt.
1081 3643 1111 3695 R.
1123 3641 1169 3704 lll,
1184 3641 1224 3693 ls.
1246 3635 1389 3719 hsargsssia

425 3734 592 3815 τιμητείας
615 3733 772 3790 Plutarchus
792 3738 868 3791 llom.
888 3761 909 3791 c.
929 3739 1011 3790 Vlll:
1045 3733 1160 3792 ὕποπτον
1180 3738 1225 3809 μὶν
1247 3734 1313 3796 ἔνιόις
1334 3737 1388 3792 ieri

426 3835 456 3894 ri
476 3833 637 3918 igniacensis
659 3837 704 3894 cet
726 3833 935 3911 πλασμιτοῗῖες.

372 3961 406 4028 “)
426 3961 467 4015 Cs.
486 3961 542 4013 Liv.
563 3961 597 4024 V,
615 3961 658 4028 21,
677 3963 719 4014 22.
738 3962 780 4014 32.
809 3960 843 4020 V.
861 3961 902 4012 37.
929 3959 963 4024 V,
978 3961 1019 4014 42.
1044 3961 1077 4023 V,
1095 3960 1137 4013 lll.
1174 3960 1280 4014 Etenim
1301 3957 1389 4012 livius

426 4049 567 4122 profitetur
585 4049 619 4112 V,
641 4049 684 4112 21,
711 4047 832 4102 sabulosa
859 4047 987 4119 quaedam
1015 4049 1042 4101 in
1070 4048 1182 4104 historia
1210 4050 1329 4102 llomana
1355 4048 1389 4100 ad

426 4135 638 4193 ostentationem
657 4156 767 4199 scenae,
785 4134 925 4206 gaudentis
943 4135 1091 4202 miraculis,
1114 4139 1217 4211 aptiora
1235 4158 1292 4192 esse
1312 4158 1389 4210 quam

428 4226 461 4279 sd
480 4224 559 4279 lidem
577 4224 714 4279 historiae.
751 4223 826 4299 Epicl
850 4225 973 4279 carminis
996 4225 1079 4281 simile
1102 4248 1153 4282 nec
1171 4227 1319 4297 Dionysius
1338 4246 1390 4280 nec

430 4312 587 4367 Plutarchus
605 4333 655 4368 nec
674 4313 764 4368 Livius
784 4334 899 4386 unquam
918 4313 1056 4370 divinavit.
