3400 5042
410 696 460 760 De
483 692 599 759 fabulis
620 704 733 758 contra
755 694 913 759 Atellanis
940 718 1002 782 pro
1026 695 1151 760 ratione
1168 694 1263 778 hujus
1279 696 1379 762 libelli

327 821 402 862 eum
424 796 655 861 tantummodo
681 797 714 860 in
742 797 881 878 modum
903 800 966 884 egi,
999 809 1158 884 quatenus
1191 798 1232 862 ad
1264 800 1379 887 poesin

325 900 517 988 popularem
540 899 702 991 pertinere
723 899 930 978 videbantur,
973 901 1128 988 quoniam
1151 901 1191 966 de
1220 914 1286 968 tota
1318 902 1380 967 hac

325 1003 491 1090 provincia
523 1001 739 1088 singularibus
771 1002 862 1066 libris
895 1003 953 1082 viri
983 1003 1069 1066 docti
1097 1003 1229 1090 copiose
1251 1028 1288 1068 ac
1311 1005 1380 1069 dili-

324 1118 437 1192 genter
456 1105 664 1193 scripserunt.

411 1209 505 1272 llunc
531 1219 697 1275 essecutus
729 1207 926 1272 consistendi
956 1207 1301 1297 circumspiciendique
1333 1209 1380 1274 lo-

325 1334 399 1376 cum
433 1333 536 1398 quum
568 1309 649 1387 mihi
682 1309 845 1374 videretur
877 1309 967 1374 nullo
1000 1311 1196 1398 scriptorum
1228 1313 1377 1377 omnium

325 1414 399 1478 loco
431 1412 599 1500 significari
632 1436 763 1477 carmen
796 1414 926 1500 epicum
953 1412 1145 1476 continuum
1178 1413 1219 1478 de
1245 1414 1378 1479 historia

325 1519 474 1582 Romana
496 1515 717 1603 antiquissima
739 1519 973 1602 compositum,
1004 1528 1040 1578 ut
1066 1516 1273 1580 interioribus
1296 1541 1378 1604 quae

326 1632 482 1685 vocantur
502 1619 568 1682 sive
591 1643 630 1681 ex
652 1618 720 1706 ipsa
732 1643 766 1682 re
779 1620 984 1705 depromptis
996 1621 1194 1704 argumentis
1206 1619 1378 1683 Niebuhrii

324 1747 542 1800 occurrerem,
564 1721 856 1785 demonstrandum
878 1721 958 1784 mihi
981 1733 1059 1800 erat,
1079 1723 1223 1808 primum
1247 1723 1289 1808 Q.
1311 1724 1374 1788 En·

325 1828 416 1892 nium
437 1826 574 1891 minime
596 1825 738 1888 carmina
762 1825 852 1911 epica
875 1825 1005 1910 antiqua
1027 1825 1060 1888 in
1082 1849 1177 1888 suurn
1189 1849 1284 1888 usum
1301 1850 1377 1890 con-

323 1929 471 2007 vertisse,
491 1941 562 1993 tum
585 1929 698 2016 quinto
721 1927 808 1991 urbis
831 1927 979 1990 conditae
1001 1927 1129 1990 saeculo
1151 1928 1376 1993 nonlloruisse

324 2034 466 2120 aliquam
493 2032 619 2120 epicam
650 2033 779 2118 poesin,
809 2029 932 2094 nedum
962 2042 1082 2094 ceteras
1109 2043 1192 2095 artes
1219 2031 1377 2112 liberales,

325 2135 453 2213 deinde,
475 2134 632 2222 quidquid
654 2134 821 2221 poeticum
842 2132 944 2196 videri
972 2134 1074 2218 possit
1101 2135 1134 2198 in
1156 2133 1287 2198 historia
1309 2137 1377 2199 Ro-

325 2263 434 2316 mana,
466 2237 596 2314 aliunde
618 2250 714 2324 atque
737 2261 775 2300 ex
797 2235 896 2322 epicis
918 2235 1114 2300 carminibus
1137 2261 1205 2302 esse
1227 2249 1376 2324 repeten-

323 2342 412 2406 dum.
466 2343 513 2404 lta
536 2339 688 2427 disposita
708 2337 805 2422 liujus
826 2339 1006 2424 scriptionis
1028 2339 1151 2404 ratione
1178 2341 1212 2404 in
1234 2340 1298 2404 fine
1320 2342 1376 2406 ad-

324 2444 390 2508 didi
414 2444 549 2508 brevem
571 2442 611 2506 de
633 2467 728 2506 versu
750 2441 902 2506 Saturnio
925 2442 1164 2528 quaestionem,
1187 2467 1286 2531 quam
1307 2467 1375 2508 non

323 2547 428 2612 omitti
450 2570 545 2634 posse
568 2546 609 2610 ad
629 2545 781 2634 reliquias
806 2543 986 2608 carminum
1019 2544 1083 2610 hoc
1115 2569 1254 2611 numero
1287 2571 1376 2612 com-

321 2651 504 2737 positorum
526 2648 746 2730 dijudicandas
768 2659 920 2735 expertus
941 2670 1056 2712 essem.

406 2754 443 2816 ln
464 2762 531 2816 tota
555 2775 632 2816 vero
655 2751 854 2839 inquirendi,
886 2752 1146 2837 argumentandi,
1178 2752 1374 2833 dijudicandi

320 2856 447 2920 ratione
479 2855 569 2943 quod
601 2854 722 2942 ubique
755 2864 914 2940 quantum
936 2854 1028 2940 potui
1051 2855 1142 2920 certis
1165 2867 1197 2919 et
1218 2855 1374 2921 distinctis

323 2959 431 3023 verbis
454 2958 674 3045 discrepantes
702 2957 840 3021 aliorum
862 2959 1035 3021 sententias
1067 2956 1309 3044 reprehendere
1342 2971 1375 3023 et

321 3061 486 3138 refellere,
518 3084 628 3124 meam
650 3060 874 3124 demonstrare
897 3071 929 3123 et
950 3059 1126 3124 defendere
1148 3061 1270 3138 studui,
1298 3085 1374 3126 con-

320 3165 386 3229 lido
409 3189 475 3229 non
498 3188 567 3228 esse
580 3175 709 3229 nostrae
726 3164 846 3240 aetatis,
867 3163 933 3227 veri
951 3187 1010 3249 pro
1023 3163 1103 3228 virili
1120 3177 1211 3251 parte
1230 3165 1373 3228 studium

320 3269 471 3356 cuiquam
494 3267 719 3345 immodestiae
749 3279 782 3330 ct
807 3267 1009 3353 arrogantiae
1036 3279 1169 3331 uertere.
1233 3267 1372 3332 Errores

321 3371 447 3438 verosi
471 3371 542 3458 quis
563 3394 616 3434 me
639 3370 767 3435 doctior
788 3381 820 3433 et
841 3370 986 3454 sagacior
1012 3369 1045 3432 in
1073 3370 1137 3434 hoc
1164 3370 1274 3434 libello
1296 3371 1373 3434 arri-

318 3475 439 3562 puerit,
461 3497 501 3537 ne
523 3473 645 3559 culpae‘
659 3473 741 3536 mihi
762 3473 897 3551 tribuat,
919 3475 1105 3538 Varronem
1127 3473 1371 3559 appellaverim:

242 3633 248 3648 ,
320 3602 409 3642 »non
430 3576 623 3640 mediocreis
646 3577 732 3640 enim
754 3577 907 3641 tenebrae
924 3579 958 3641 in
970 3577 1056 3654 silva,
1079 3577 1133 3640 ubi
1149 3577 1372 3664 haeccaptan-

320 3682 378 3756 da3
421 3703 528 3766 neque
560 3703 600 3744 eo
629 3703 695 3768 quo
727 3681 896 3767 pervenire
918 3681 1069 3744 volumus
1101 3681 1232 3744 semitae
1259 3680 1370 3755 tritue;

319 3807 425 3870 neque
446 3807 514 3846 non
537 3783 569 3846 in
591 3783 774 3848 tramitibus
796 3783 956 3872 quasdam
979 3785 1121 3866 objecta,
1144 3807 1226 3871 quae
1238 3796 1371 3848 euntem

317 3882 455 3953 retinere
476 3891 638 3974 possent«
