3400 5042
806 526 879 600 195

320 701 470 785 solutum,
491 711 527 765 ut
548 697 688 787 syllabae
705 712 956 766 numerarentur
971 699 1258 780 tantummodo⁰)⁴.²
1283 700 1374 766 Nihil

320 827 397 867 vero
425 802 552 868 minus:
591 824 668 865 nam
695 800 884 882 hujusmodi
919 826 1029 868 versus
1058 803 1155 890 plane
1184 803 1290 867 nullus
1316 814 1373 867 est.

322 906 413 991 Quos
436 903 566 994 quidem
589 901 834 990 reprehendens
856 904 898 969 tt.
917 903 959 969 Ο.
981 904 1158 971 Muellerus
1179 905 1212 971 in
1236 906 1375 994 Supple-

321 1007 437 1072 mentis
463 1002 712 1070 annotationum
739 1003 778 1070 ed
808 1005 943 1071 Festum
972 1005 1165 1095 disputatio
1191 1005 1276 1072 banc
1303 1029 1375 1072 sen·

321 1105 472 1173 tentiam:
511 1106 653 1172 formam
681 1127 791 1171 versus
821 1105 963 1173 saturnii
991 1107 1032 1173 ab
1059 1105 1198 1196 antiquis
1224 1106 1374 1174 traditam

321 1208 414 1295 plane
436 1208 552 1288 justam
575 1229 660 1273 esse:
683 1206 784 1273 modo
807 1229 907 1282 unum
932 1208 1152 1274 observaveris
1168 1232 1205 1274 ec
1222 1207 1374 1286 tenueris,

321 1307 476 1397 supprimi
504 1331 599 1396 posse
626 1305 733 1372 theses
765 1331 880 1374 ornnes
906 1322 1037 1398 excepta
1071 1308 1198 1388 ultima,
1233 1309 1374 1377 maxime

321 1411 498 1498 penultima
516 1413 568 1492 ¹⁰).
623 1411 683 1474 Hic
712 1409 751 1473 de
779 1413 884 1498 prima
916 1409 999 1474 thesi
1033 1411 1166 1498 quidem
1199 1411 1375 1477 Muellerus

323 1537 397 1577 curn
418 1513 485 1599 aliis
506 1524 593 1577 recte
616 1513 810 1588 observavit,
831 1525 970 1576 attenta
993 1513 1145 1577 omnibus
1167 1514 1245 1578 locis
1267 1516 1376 1602 oppri-

323 1616 430 1679 ruendi
453 1615 559 1680 theses
581 1615 705 1679 licentia
727 1625 814 1678 totus
836 1638 991 1678 numerus
1013 1615 1043 1678 vi
1066 1615 1160 1679 nimis
1180 1615 1374 1704 distorqueri

323 1719 460 1795 videtur,
504 1742 605 1806 quum
632 1717 822 1806 praesertim
849 1717 935 1780 nulla
963 1740 1097 1804 prorsus
1123 1719 1164 1782 sit
1188 1718 1374 1806 rhythmica

324 1821 418 1899 ratio,
450 1845 512 1909 qua
535 1811 646 1884 ultima
668 1819 767 1883 thesis
790 1819 937 1905 religiose
959 1820 1115 1884 servanda
1138 1821 1185 1885 sit.

405 1957 486 2022 Mihi
510 1980 592 2021 vero*
610 1955 783 2044 inquirenti
806 1956 1065 2043 examinantique
1087 1968 1288 2021 vetustorum
1309 1981 1377 2022 car·

325 2061 449 2124 minum
473 2061 664 2124 Latinorum
687 2059 833 2145 reliquias
860 2058 940 2123 haec
966 2059 1149 2122 communis
1171 2059 1221 2123 lex
1242 2071 1274 2123 et
1294 2059 1375 2124 ratio

323 2161 479 2226 Saturniis
501 2162 646 2225 versibus
667 2162 797 2225 subesse
820 2161 886 2224 viss
909 2171 976 2224 est:

409 2313 539 2378 Praeter
552 2317 678 2397 prr'rnam
696 2323 726 2376 et
744 2316 877 2376 ultimam
894 2314 998 2387 thesin,
1020 2333 1175 2409 quas‘per
1190 2334 1223 2374 se
1234 2311 1375 2376 maxime

324 2413 459 2477 mobiles
481 2414 645 2478 interdum
667 2419 771 2478 abesse
788 2437 804 2476 a
823 2435 917 2478 versu
939 2412 1091 2476 Saturnio
1112 2412 1177 2493 jam
1195 2411 1246 2476 alii
1265 2411 1376 2476 obser·

322 2528 437 2580 verunt
463 2515 522 2579 viri
550 2515 634 2579 docti
654 2520 704 2593 ¹¹),
736 2538 797 2600 pro
825 2541 926 2578 versus
952 2520 1124 2596 asynarteti
1148 2529 1259 2579 natura
1278 2519 1377 2579 media

323 2623 417 2683 ttesab
442 2641 498 2681 seu
526 2617 725 2681 catalecticus
756 2616 787 2680 in
820 2616 977 2705 syllabam
1009 2615 1137 2680 iambus
1162 2617 1303 2681 maxime
1329 2615 1377 2679 in-

322 2720 488 2797 differens,
520 2731 555 2783 ut
577 2718 670 2784 Plotii
692 2718 793 2782 verbo
816 2729 901 2793 utar,
931 2717 1083 2782 facillime
1104 2723 1265 2794 omittitur,
1295 2740 1377 2784 voce

322 2822 565 2910 pronunciantis
587 2831 703 2908 sponte
725 2819 854 2884 tacitam
877 2843 1005 2884 moram
1028 2820 1072 2884 ibi
1095 2820 1245 2894 faciente,
1276 2818 1319 2884 ita
1342 2831 1377 2883 ut

323 2925 431 3012 priore
453 2948 565 2988 versus
588 2935 676 3010 parte
698 2946 759 3009 pro
781 2921 921 3001 iambico
943 2921 1082 2987 dimetro
1103 2922 1286 3003 catalectico
1304 2922 1377 2986 bra·

323 3026 577 3115 cbycatalectum
606 3023 801 3100 habeamus,
833 3024 883 3086 vel
911 3024 1083 3089 iambicam
1100 3024 1286 3113 tripodium
1312 3037 1377 3116 tro-

324 3129 452 3193 chaicae
480 3127 639 3214 tripediae
667 3128 698 3191 in
728 3127 825 3188 altera
855 3150 967 3190 versus
994 3139 1085 3213 parte
1112 3127 1376 3214 respondentem.

324 3234 391 3295 Hac
418 3231 514 3317 igitur
540 3231 663 3293 ratione
693 3252 794 3316 quum
819 3238 933 3313 pransa,
963 3235 1075 3307 media,
1103 3245 1257 3315 postrema
1282 3235 1377 3295 tiresia

320 3340 466 3418 supprimi
481 3338 601 3418 possit,
623 3347 689 3396 ueto
712 3337 886 3396 oboriuntur·
906 3349 1145 3413 asynarteturum
1167 3360 1301 3398 versuum
1320 3339 1377 3396 Sa-

317 3606 319 3611 ’
377 3599 402 3668 ¹)
422 3601 464 3654 De
482 3622 569 3663 versu.
589 3622 665 3674 quern
683 3615 791 3663 vocant,
810 3602 936 3657 Saturnio
952 3623 1001 3656 scr.
1012 3599 1099 3656 Henr.
1110 3603 1249 3656 Duentzer
1264 3601 1376 3656 etlraur.

424 3688 529 3742 torach.
554 3691 666 3744 Bonuae
691 3690 765 3744 1838.
810 3689 983 3764 Nequaquam
1007 3691 1078 3763 apud
1099 3691 1209 3745 Latinos
1232 3690 1376 3763 antiquitus

368 3813 370 3816 >
425 3781 597 3849 quantitatem
616 3777 774 3848 syllabarum
793 3799 849 3832 esse
869 3780 1016 3850 neglectam
1037 3792 1147 3852 propter
1168 3792 1306 3834 accentum
1330 3781 1377 3834 de-

423 3866 578 3919 monstravit
597 3867 646 3936 jarn
661 3867 687 3919 J.
700 3867 730 3919 Α.
740 3867 917 3922 Gottlroldns:
935 3868 1030 3922 Ueber
1048 3869 1082 3922 G.
1092 3865 1251 3922 Hermann's
1268 3867 1377 3923 Lelrren

423 3975 483 4007 vom
511 3954 660 4026 Vortrugen
688 3955 737 4009 der
765 3956 957 4011 Griechischen
985 3958 1040 4011 und
1066 3957 1255 4012 Lateinischen
1282 3956 1377 4019 Versa,

426 4043 521 4097 Archiv
540 4044 584 4097 sur
602 4043 700 4099 Philol.
720 4067 745 4098 u.
764 4046 914 4117 l'aedagog.
931 4047 949 4099 2
966 4045 1017 4098 Bd.
1053 4044 1159 4120 (Leipz.
1179 4043 1259 4111 1833)
1277 4068 1301 4118 p.
1315 4045 1374 4108 296,

369 4130 405 4196 ¹¹)
423 4134 457 4185 K.
477 4131 511 4185 Ο.
532 4132 647 4187 Mueller
665 4133 801 4205 Supplem.
820 4135 922 4189 Annon
944 4135 978 4188 ad
996 4135 1070 4189 Fest.
1093 4157 1119 4206 p.
1136 4136 1208 4189 Fest.
1227 4156 1252 4207 p.
1269 4135 1321 4188 ³96
1337 4156 1376 4207 sq·

368 4219 404 4289 ¹¹)
423 4221 465 4273 De
483 4235 617 4292 postrema
635 4242 736 4275 mecum
755 4221 958 4277 communicarit
976 4222 1007 4276 (i.
1026 4222 1219 4288 Lachmannus,
1237 4237 1301 4295 post
1318 4244 1376 4278 eum

423 4307 470 4362 alii
486 4309 664 4364 observarunt
681 4309 715 4364 cl·
734 4311 829 4364 llluule
849 4311 867 4364 l.
886 4333 908 4366 c.
