3400 5042
802 535 873 613 53·

322 717 405 782 libus
427 714 468 780 de
490 713 608 803 quibus
630 734 724 801 supra
747 712 871 778 dictum
893 723 941 777 est
956 711 1045 777 libris
1059 711 1219 798 leguntur,
1239 723 1382 782 autcum

322 821 420 909 stirpe
454 829 486 883 et
516 839 635 904 genere
667 814 846 880 verborum
885 813 1057 879 Saliarium
1088 814 1290 900 conspirant,
1326 829 1383 885 aut

322 922 461 1010 denique
493 943 568 984 cum
602 919 748 982 universa
780 916 907 981 ratione
939 915 1060 981 horum
1092 915 1275 981 carminum
1306 931 1381 1008 apte

320 1023 527 1091 conveniunt.

405 1124 507 1211 Quod
529 1123 662 1212 quidem
684 1123 801 1189 cadere
823 1123 972 1188 videmus
993 1120 1027 1184 in
1042 1120 1165 1208 glossas
1175 1145 1208 1209 p.
1220 1126 1281 1188 205
1292 1124 1381 1212 apud

320 1232 455 1296 Festum
478 1225 632 1314 scriptas:
660 1231 847 1311 Praeceptor
868 1229 914 1306 (in
934 1229 1051 1290 Saliari
1069 1226 1230 1304 carmine),
1255 1228 1305 1289 Pa
1322 1253 1380 1311 pro

249 1371 251 1375 ν
318 1347 408 1419 parta
423 1336 479 1411 (iu
499 1335 562 1393 Sal.
584 1330 692 1407 carm.)
718 1333 943 1394 Promencroat.
965 1331 1174 1391 Praedotiont.
1210 1327 1388 1413 Prospices,⁴

321 1440 429 1500 Pesnis
450 1433 621 1514 (dicebant)
644 1435 763 1496 Polteo.
791 1437 881 1496 Polet
910 1433 1072 1516 (antiqui).
1104 1433 1241 1495 Plisima.
1272 1433 1381 1498 Prctct

323 1543 472 1604 tremonti.
494 1537 641 1618 Perfiues.
664 1539 848 1599 Promeriou.
876 1539 1017 1599 Priciclio
1039 1560 1082 1597 es.
1118 1537 1251 1598 Petilam
1269 1560 1381 1606 sarain.

321 1649 477 1709 Pilumuoe
506 1644 615 1723 poploe
647 1640 752 1717 (carm.
774 1641 856 1717 Sal.)
885 1643 1053 1721 Praepetes
1084 1642 1157 1700 aces
1182 1641 1255 1719 (?);
1296 1662 1380 1726 quae

322 1744 432 1811 omnia
454 1742 551 1806 verba
574 1751 660 1803 recte
683 1742 724 1804 K.
748 1740 790 1804 Ο.
813 1740 1010 1804 Muellerum
1038 1750 1287 1805 axamentorum
1307 1742 1382 1807 reli·

322 1848 412 1937 quias
433 1844 563 1921 habere,
586 1854 618 1906 et
639 1841 857 1930 Th.Berglrio
878 1843 1056 1930 probatum
1078 1853 1142 1920 est,
1164 1853 1235 1907 eta
1256 1867 1312 1910 me
1333 1868 1383 1912 se·

320 1949 438 2039 paratis
474 1945 669 2036 quibusdam
706 1945 906 2032 argumentis
937 1946 971 2009 in
1007 1968 1143 2010 recensu
1178 1945 1382 2034 singulorum

320 2053 500 2118 verborum
516 2047 601 2112 infra
620 2047 728 2134 posito
747 2047 934 2113 confirmari
946 2048 1076 2135 poterit.
1109 2049 1217 2135 Atque
1227 2049 1261 2113 id
1272 2050 1381 2138 ipsum

320 2153 530 2238 iudicandum
553 2151 662 2214 statuit
683 2150 745 2218 Th.
759 2151 919 2237 Bergkius
941 2150 982 2214 de
1003 2150 1116 2236 glossis
1131 2151 1218 2237 apud
1231 2152 1382 2218 Paullum

320 2283 351 2346 p.
373 2253 543 2322 attactis:
571 2256 618 2318 Ae
639 2256 789 2339 (antiqui)
811 2256 939 2320 Aurata,
968 2257 1108 2318 Abcrcet.
1130 2254 1289 2321 Adcosem.
1311 2260 1382 2324 Aac

320 2364 528 2442 agglomerati.
562 2361 704 2422 Aeruma.
731 2359 887 2440 Asvolunt.
920 2362 1072 2423 Astasint.
1095 2362 1304 2444 Ambaaioque
1324 2364 1382 2425 cir-

321 2479 498 2530 cumeuntes.
526 2465 621 2548 Aper.
649 2468 782 2530 Amosio.
815 2465 980 2549 Antiquam
1000 2464 1156 2543 (ceteras).
1200 2463 1271 2526 tiae
1292 2462 1381 2527 enim

320 2569 445 2654 glossae
477 2565 545 2629 sine
578 2564 719 2629 fontium
751 2564 865 2629 notitia
893 2587 911 2629 a
940 2564 1052 2630 Paullo
1084 2563 1222 2652 scriptae
1253 2577 1383 2651 praeter

321 2669 487 2734 obsoletae
508 2667 706 2756 antiquitatis
728 2666 871 2754 speciem
894 2652 1123 2745 caerimonias,
1145 2666 1383 2755 comprecatio·

321 2797 388 2851 nes,
410 2770 638 2836 exsultationes
660 2770 823 2835 Saliorum
846 2770 1023 2836 certissime
1046 2769 1204 2846 indicant3
1235 2769 1268 2834 id
1291 2771 1381 2859 quod

322 2890 354 2942 et
375 2874 509 2940 nomine
536 2888 765 2939 axamentorum
792 2896 888 2960 supra
918 2873 1078 2960 explicato
1100 2873 1321 2959 cognoscitur,
1350 2885 1383 2939 et

323 2978 454 3066 singulis
481 2977 586 3040 verbis
614 2976 698 3041 infra
725 2976 902 3040 accuratius
928 2974 1125 3063 comparatis
1152 2975 1290 3064 planum
1316 2975 1381 3042 fiet.

323 3081 446 3168 Quidni
468 3101 657 3145 censeamus
678 3077 790 3165 igitur,
823 3078 921 3142 etiam
943 3103 1027 3167 quae
1054 3077 1229 3166 praecedat
1253 3078 1305 3144 his
1326 3103 1383 3144 vo-

321 3184 443 3250 cabulis
464 3183 626 3269 glossam:
671 3187 771 3266 Apico
803 3188 866 3246 υοίε
897 3181 967 3269 pari
998 3183 1122 3246 ratione
1148 3184 1314 3270 pertinere
1340 3183 1382 3248 acl
1422 3194 1424 3199 '

323 3287 427 3353 Salios
449 3286 521 3350 illos
543 3291 707 3371 apiculos?
727 3285 957 3369 Quamobrem
979 3284 1111 3349 illorum
1129 3285 1275 3351 virorum
1285 3286 1383 3352 ratio·

322 3415 398 3454 nem
420 3389 711 3475 auctoritatemque
733 3400 863 3453 secutus
885 3412 952 3451 non
968 3387 1083 3450 dubito
1101 3386 1241 3453 Saliares
1263 3389 1382 3454 ducere

322 3493 420 3560 etiam
442 3492 500 3556 has
522 3490 624 3554 Paulli
647 3490 770 3576 glossas
792 3495 837 3576 (p.
861 3490 1032 3573 79-80):
1059 3493 1199 3575 Expreta
1219 3494 1382 3579 (antiqui).
1431 3570 1433 3573 ι

322 3600 490 3662 Excudere.
512 3598 686 3680 Explorare
707 3594 891 3678 (antz'quos).
914 3595 1111 3677 Eamapillato
1127 3598 1258 3660 brachio.
1278 3597 1384 3660 Eubu-

322 3726 380 3766 rcs.
401 3701 493 3783 Eafir
514 3702 610 3778 (unde
626 3701 724 3762 adlice
738 3713 839 3762 manet
860 3712 912 3762 ott.
925 3699 961 3774 .)
983 3699 1185 3763 Exscendera.
1206 3701 1381 3783 Experitos.

322 3806 503 3887 Explanant.
526 3805 679 3865 Eudutae.
701 3804 878 3887 Eacriruum.
906 3804 1027 3864 Exciet.
1049 3803 1218 3884 Eupatore.
1247 3804 1382 3867 Eordaei-

322 3921 413 3970 mata.
436 3910 627 3990 Expectorat
640 3907 705 3984 ¹⁰⁹).
734 3905 859 3986 Esfata.
885 3906 1071 3989 Exporgcre.
1093 3905 1252 3968 Eualetus.
1278 3905 1383 3969 Exan-

355 4061 402 4132 ¹⁰⁹)
420 4064 495 4117 Duas
522 4064 620 4134 glossas
646 4063 813 4136 interpositas
838 4084 866 4136 p.
891 4063 941 4118 8⁰:
977 4063 1172 4136 Experrectua.
1205 4061 1383 4121 Excidiouem

422 4164 510 4223 partes
532 4149 610 4208 luisse
634 4153 795 4224 glossarum:
822 4152 1017 4224 Experrectus,
1043 4153 1184 4208 Excudere
1205 4172 1232 4225 p·
1254 4151 1297 4206 7⁹.
1318 4149 1383 4207 scri·

422 4253 539 4312 ptarum,
567 4261 581 4294 a
603 4239 697 4295 Paullo
722 4240 826 4296 demum
848 4239 1015 4313 negligenter
1032 4241 1192 4316 discerptas,
1217 4239 1381 4316 comparatio

422 4328 500 4384 facile
518 4326 606 4386 (locet.
