3400 5042
867 564 939 634 llll

371 741 511 805 alienum
535 765 550 804 a
573 739 751 804 rationibus
772 740 997 826 patriciorum,
1019 741 1136 827 quibus
1157 740 1232 806 solis
1254 743 1426 807 duodecim

369 847 550 910 tabularum
573 843 954 907 auctores'consulebant
971 851 1023 922 ¹²),
1044 856 1079 907 ut
1100 863 1194 908 suum
1215 846 1424 933 splendorem

370 949 565 1013 carminibus
587 948 710 1032 augeri,
731 947 835 1032 plebis
857 947 982 1010 animos
1003 948 1184 1011 reverentia
1207 949 1344 1035 deprimi
1368 952 1425 1013 rati

372 1054 450 1116 haec
473 1052 541 1136 lege
564 1049 733 1126 sancirent,
754 1049 878 1135 patriae
891 1050 1010 1114 amoris
1022 1050 1178 1115 excitandi
1190 1052 1291 1137 gratia
1304 1052 1424 1115 lactum

370 1181 439 1219 esse
461 1153 659 1217 simulantes.
704 1155 756 1214 An
780 1174 857 1214 vero
880 1151 939 1216 alia
962 1151 1002 1216 de
1032 1177 1124 1218 causa
1154 1153 1293 1218 ludicros
1321 1155 1425 1219 homi-

370 1282 450 1321 num
473 1256 512 1320 de
534 1255 630 1342 plebe
653 1278 764 1318 versus
787 1253 1006 1318 crudelissima
1034 1255 1103 1343 lege
1131 1256 1293 1321 tollendos
1324 1257 1426 1323 existi-

370 1364 523 1424 marunt?
544 1395 581 1406 —
606 1358 670 1422 Sed
694 1357 733 1420 de
756 1356 805 1420 his
827 1356 909 1419 infra
933 1357 1127 1421 videbimus.

373 1473 377 1478 '
452 1465 575 1525 Veram
604 1483 672 1522 esse
701 1459 784 1522 hanc
810 1459 1003 1522 sententiam
1032 1460 1128 1524 docet
1156 1461 1252 1524 etiam
1280 1473 1425 1524 contem·

368 1566 467 1654 piatio
491 1562 713 1627 laudationum
735 1584 796 1648 pro
819 1561 976 1625 concione
1000 1561 1227 1642 institutarum,
1250 1587 1423 1651 quaecum

368 1670 555 1733 naeniarum
578 1663 703 1728 ratione
725 1674 793 1727 tam
816 1676 901 1728 arcte
926 1665 1102 1728 cohaerere
1121 1663 1286 1746 videntur,
1323 1678 1357 1731 ut
1383 1668 1422 1731 ad

368 1773 452 1836 hanc
479 1773 582 1857 ipsam
609 1767 749 1854 aliquam
776 1766 883 1831 lucem
911 1768 1028 1832 afferre
1059 1770 1192 1854 possint.
1250 1769 1424 1857 Dionysius

369 1875 463 1959 igitur
475 1873 507 1935 in
526 1871 638 1934 sunere
653 1868 741 1933 llruti
754 1869 936 1933 enarrando
949 1882 1109 1934 vetustum
1123 1872 1291 1935 inventum
1303 1872 1424 1934 noma-

369 1999 487 2039 norum
504 1972 704 2037 laudationes
721 1971 872 2057 appellat,
895 1985 926 2036 et
943 1975 974 2036 in
987 1991 1143 2059 suspenso
1154 1973 1293 2061 reliquit,
1314 1986 1423 2038 utrum

367 2077 511 2164 primum
534 2100 551 2139 a
576 2075 705 2137 Valerio
729 2073 895 2138 Publicola
925 2098 974 2139 res
1003 2074 1161 2152 instituta,
1193 2089 1234 2139 an
1256 2100 1273 2139 a
1296 2076 1424 2163 regibus

368 2191 513 2266 suscepta
537 2177 577 2240 sit
594 2183 640 2254 ¹⁸).
685 2175 785 2261 Quod
810 2197 911 2262 quum
934 2177 1127 2264 scriptorum
1155 2179 1234 2242 locis
1256 2201 1323 2242 non
1347 2202 1423 2242 con-

367 2294 436 2358 stet,
448 2280 515 2344 veri
526 2278 629 2343 simile
642 2289 690 2342 est
701 2277 788 2341 hunc
800 2298 929 2341 morem
941 2278 991 2342 vel
1003 2279 1218 2368 antiquiorem
1231 2303 1302 2346 esse
1315 2282 1423 2345 Publi-

367 2385 445 2460 cola,
468 2395 536 2446 tnm
558 2380 702 2467 primum
726 2380 757 2442 in
779 2379 913 2444 historia
926 2380 1075 2446 Romana
1098 2383 1279 2447 enarranda
1296 2405 1423 2446 memo-

366 2499 481 2551 ratum.
515 2485 625 2568 Quam
648 2493 734 2546 arcte
757 2483 844 2546 enim
868 2506 942 2547 cum
961 2484 1148 2549 naeniarum
1164 2498 1196 2550 et
1207 2485 1424 2572 epilogiorum

367 2590 491 2653 ratione
519 2588 710 2667 conjunctus
737 2585 849 2662 suerit,
881 2609 955 2649 cum
982 2610 1021 2650 ex
1046 2588 1115 2674 ipsa
1142 2589 1326 2653 tabularum
1354 2589 1422 2675 lege

367 2716 464 2780 qnam
493 2691 619 2776 profert
647 2687 779 2765 Cicero,
810 2700 879 2750 tum
903 2713 920 2752 e
943 2688 1090 2753 Suetonii
1117 2690 1191 2754 loco
1221 2692 1425 2778 conspicitur,

366 2795 420 2858 ubi
445 2794 524 2857 haec
546 2791 696 2875 leguntur
712 2795 771 2871 ¹⁰):
805 2793 1007 2877 »Augustum
1030 2795 1070 2856 ita
1092 2814 1154 2880 pro
1177 2794 1335 2857 concione
1358 2793 1424 2857 lau-

365 2899 457 2960 dasse
491 2892 724 2959 Germanicum
759 2890 966 2969 defunctum,
1009 2906 1045 2957 ut
1077 2895 1156 2959 deos
1189 2908 1337 2982 precatus
1365 2897 1423 2959 sit:

366 2998 492 3063 Similes
515 3008 546 3060 et
559 2994 714 3059 Caesares
737 3017 811 3058 suos
835 2993 987 3074 facerent,
1010 2995 1135 3084 sibique
1158 3009 1224 3061 tam
1247 2997 1422 3062 honestum

366 3100 563 3190 quandoque
586 3097 707 3161 exitum
735 3097 849 3161 darent
876 3120 973 3185 quam
996 3099 1040 3162 illi
1069 3099 1249 3178 dedissent,
1281 3101 1422 3164 eundem

366 3205 507 3291 elogium
540 3203 607 3282 ejus
640 3199 785 3263 versibus
818 3200 859 3262 ab
893 3200 963 3287 ipso
996 3202 1184 3288 compositis
1216 3203 1343 3267 tumulo
1376 3204 1423 3266 in-

364 3306 563 3393 sculpsisse.«
607 3305 713 3366 llocet
735 3313 820 3367 certe
842 3314 978 3391 uterque
1000 3304 1102 3381 locos,
1130 3304 1299 3368 consilium
1322 3304 1422 3368 luisse

364 3409 458 3488 hujus
480 3405 622 3483 instituti,
644 3417 687 3483 ut,
710 3405 763 3492 qui
787 3405 938 3470 naeniam
960 3417 1102 3470 cantaret
1123 3418 1155 3469 et
1176 3405 1319 3493 elogium
1331 3429 1422 3472 com·

363 3522 515 3598 poneret,
551 3507 638 3572 idem
669 3507 767 3570 etiam
796 3530 858 3595 pro
888 3511 1044 3573 concione
1072 3520 1240 3573 mortuum
1268 3510 1422 3574 laudaret.

367 3617 477 3701 ltaque
501 3611 720 3675 laudationum
743 3609 932 3674 funebrium
957 3611 1110 3698 reliquiae
1132 3612 1165 3674 in
1187 3610 1347 3698 lapidibus
1358 3634 1422 3675 ser-

364 3729 453 3780 vatae
470 3715 509 3779 ab
523 3713 817 3789 acclamationibus,
840 3714 1012 3792 sententiis,
1033 3713 1178 3778 versibus
1189 3713 1423 3801 sepulcralibus

364 3820 470 3882 forma
493 3815 741 3892 tantummodo,
773 3838 839 3879 non
863 3839 898 3880 re
921 3816 1093 3894 disserunt,
1124 3839 1199 3881 cum
1221 3816 1254 3878 in
1277 3817 1422 3903 utrisque

408 4103 443 4168 ¹⁷)
463 4102 504 4156 Cf.
524 4102 568 4155 Fe.
588 4105 619 4157 Α.
638 4104 745 4159 Wolff.
765 4103 855 4175 antiq.
874 4105 951 4158 Rom.
970 4118 997 4159 et
1016 4105 1142 4160 Guertler
1158 4128 1184 4178 p.
1197 4079 1245 4159 ⁴52.
1263 4127 1302 4178 sq.

409 4188 444 4259 ¹⁸)
463 4190 573 4261 Dionys.
594 4193 655 4247 Ant.
675 4193 751 4248 Rom.
772 4191 806 4256 V,
826 4193 866 4246 17.
948 4204 950 4208 ’

409 4273 444 4347 ¹⁰)
463 4279 573 4333 Soetou.
594 4278 685 4334 Claud.
706 4301 727 4334 c.
748 4279 771 4332 l.
