3400 5042
421 742 424 747 ’
466 715 726 821 Aoupedius·
744 714 912 813 antonna
922 742 1066 820 praesul·
1079 752 1240 822 amptruet

529 843 755 903 Sole‘subsules·
747 842 1008 942 ·redomptruore

531 933 1233 1030 Aoeoggomerotzastasin10o'rnbaoioque

531 1047 754 1108 Circumcuntes
762 1045 826 1124 ¹¹⁸).

322 1149 406 1211 Voto
428 1145 552 1215 faciunt
571 1168 632 1232 pro
655 1145 756 1209 salute
778 1145 975 1230 reipublicae
997 1157 1029 1208 et
1050 1145 1252 1232 privatorum
1295 1139 1297 1141 ¹

421 1252 570 1313 Adoosem
587 1282 594 1297 ·
612 1253 732 1313 obercet
748 1280 756 1297 ·
773 1251 823 1310 Pa
844 1262 874 1310 et
889 1252 942 1311 Po
961 1282 967 1296 ·
982 1247 1104 1332 plisima
1120 1283 1127 1298 ·
1141 1253 1227 1332 polet
1244 1283 1251 1300 ·
1269 1261 1378 1316 nuceto

422 1367 527 1435 topper
548 1385 555 1400 ·
570 1354 717 1435 prosapia
739 1384 746 1398 ·
769 1351 927 1413 Pilumnoe
949 1383 955 1398 ·
970 1357 1080 1434 poploe
1093 1356 1144 1430 ¹¹⁹)
1162 1386 1168 1400 ·
1183 1358 1308 1436 privisio
1324 1380 1371 1418 es·

319 1502 322 1506 ·
417 1468 567 1539 pennatos
589 1459 832 1538 rirrpennatospue
854 1477 959 1530 agneis.

403 1559 551 1643 Apparet
577 1555 673 1640 igitur
699 1578 766 1617 non
792 1574 895 1640 pauca
923 1554 1058 1617 horum¹
1074 1555 1253 1620 verborum
1280 1556 1381 1622 Salia·

319 1662 405 1725 rium
436 1659 523 1745 apud
547 1659 681 1721 Festum
712 1657 834 1743 passim
866 1656 1087 1742 dispersorum
1119 1652 1233 1723 nostro
1265 1658 1381 1726 ordine

321 1763 473 1848 deinceps
511 1760 620 1846 posita.
654 1770 770 1846 sponte
808 1758 1059 1822 inconnexum
1096 1783 1212 1823 sanum
1248 1783 1381 1825 concre-

321 1887 411 1928 scere
428 1861 612 1949 quendam,
644 1884 685 1924 ne
706 1859 862 1947 particula
891 1861 1026 1947 quidem
1054 1862 1237 1948 scriptionis
1263 1863 1382 1927 immu'-

321 1978 396 2030 tata.
413 1965 462 2029 ·Si
480 1963 550 2051 quis
572 1987 650 2027 vero
673 1964 816 2040 miretur,
838 1963 916 2048 quid
929 1963 978 2041 sit,
1000 1964 1088 2051 quod
1105 1964 1190 2028 inter
1200 1963 1258 2028 has
1268 1977 1382 2032 tenues
1403 2023 1405 2025 ,
1469 2012 1472 2018 .

304 2065 471 2155 reliquias
493 2078 560 2129 tam
583 2064 685 2128 multa
707 2064 911 2128 inveniantur
936 2066 1035 2134 verba
1063 2078 1119 2131 aut
1144 2067 1233 2131 idem
1262 2064 1388 2152 signifi·¹

322 2169 441 2248 cantia,
467 2179 522 2232 aut
542 2166 658 2231 iisdem
680 2166 994 2254 literis-praepositis
1014 2164 1213 2254 incipientis
1234 2168 1261 2233 is
1282 2169 1383 2235 intro-
1438 2225 1441 2230 .

321 2272 434 2359 spiciat
455 2279 524 2334 acta
547 2268 686 2332 fratrum
709 2269 877 2332 Arvalium
899 2293 937 2332 ac
962 2269 1088 2333 tabulas
1114 2271 1337 2363 Eugubinas,
1350 2283 1383 2349 et
1431 2273 1436 2280 ’
1463 2290 1465 2294 ·

320 2373 429 2439 facile
437 2371 561 2437 videbit
582 2371 741 2452 ejusmodi
763 2372 973 2459 repetitiones
995 2372 1127 2437 vetustis
1148 2373 1384 2497 comprecatio-
1420 2428 1423 2432 .
1498 2386 1503 2393 '

241 2547 243 2552 ,
301 2475 417 2556 nibus
439 2474 491 2539 vel
513 2474 653 2539 maxime
676 2473 824 2560 proprias
846 2473 953 2538 fuisse

406 2576 555 2642 'lentium
578 2576 719 2662 denique
749 2587 796 2639 est
824 2599 971 2653 carmen,
1004 2600 1070 2664 quo
1099 2578 1139 2642 de
1166 2577 1383 2664 procurandis

323 2705 383 2769 per
403 2691 533 2744 montes
556 2701 656 2766 pagos
680 2677 862 2769 fulguribus
885 2700 979 2764 agere
1002 2679 1136 2748 Salios'
1127 2703 1192 2761 ram
1214 2699 1311 2805 supra
1327 2680 1384 2745 de·
1434 2716 1437 2723 ·

322 2794 540 2848 monstratum
563 2792 618 2845 est.

235 2878 238 2882 i
490 2889 580 2950 Cume
602 2899 688 2948 tonos
710 2887 852 2947 Leucosia
869 2897 1052 2968 praetexere
1072 2891 1175 2962 monti,

492 2994 558 3075 Quo
581 2972 696 3051 tibimet
717 2992 805 3052 cunei
823 2991 980 3051 dehiscunt
1002 2989 1201 3068 oramen¹²'⁰).
1219 3022 1258 3056 ,-

478 3094 700 3154 -Obstitum···

360 3275 408 3347 ¹¹⁸)
427 3277 541 3331 Sensum
559 3276 711 3347 hujusmodi
728 3276 795 3331 haec
812 3276 894 3330 verba
912 3276 1042 3348 praebere
1059 3275 1198 3330 videntur:

334 3430 340 3445 ι
444 3367 503 3419 Der
520 3365 632 3439 ¹Schilde
642 3392 648 3404 ·
659 3364 741 3435 heitig
759 3365 814 3418 Era
827 3405 832 3417 .
843 3363 1008 3433 alljaehrlich
1019 3391 1025 3403 ·
1036 3363 1221 3418 wiedertoene
1232 3391 1238 3403 ·
1250 3373 1282 3409 -'-

444 3453 591 3508 Schnellen
609 3455 705 3508 Fusses
718 3452 904 3507 ·ansuehrend
914 3479 920 3491 ·
932 3451 1075 3506 urnkreiset
1086 3494 1091 3504 .
1102 3452 1150 3506 der
1168 3452 1348 3519 Vortaenzer‚

445 3542 569 3596 Wieder
586 3542 710 3596 kreiscn·
723 3540 929 3596 nachtanzende
948 3541 1035 3594 Salier
1048 3583 1053 3592 .

444 3629 740 3701 zusammengeschaart
756 3629 791 3682 im
800 3631 911 3684 Kranae
929 3628 967 3683 sie
985 3628 1065 3684 stehn
1083 3628 1139 3682 und
1153 3627 1387 3700 irnRingelreigen

444 3718 646 3774 Umwandelnd
658 3743 664 3756 ·
675 3743 681 3757 ·
693 3743 716 3756 ··

361 3806 407 3876 ¹¹¹)
426 3809 511 3861 Etiam
528 3807 570 3861 his
588 3807 676 3860 verbis
695 3825 831 3860 connexus
850 3806 955 3878 quidam
974 3818 1025 3861 est:
1273 3837 1275 3841 ·

428 3898 492 3951 Den
510 3893 823 3949 Feind·ahwehrt·der
840 3894 941 3948 Vaetcr
959 3895 1014 3948 und
1032 3894 1078 3948 des
1096 3894 1207 3949 Volkes.
1225 3919 1260 3932 -

428 3983 584 4039 Reichlich·
597 3982 718 4038 wuchert
727 4009 733 4021 ·
743 3981 855 4054 kraestig
866 3983 1012 4055 ·gemehrt·
1019 3983 1063 4038 die
1081 3982 1383 4057 Nachkommenschastf

429 4071 600 4127 Wchrhaste
618 4075 792 4127 Manum·-

362 4160 409 4232 ¹²⁰)
428 4161 467 4215 Hi
484 4181 573 4215 vorsus
592 4159 629 4215 sic
646 4160 723 4214 reddi
741 4173 869 4232 possunt:

430 4250 536 4304 Wenn
554 4249 590 4304 du
609 4270 625 4304 o
642 4249 780 4319 Lichtgott
798 4249 941 4313 donnerst‚
958 4248 1089 4321 sprecben
1107 4245 1158 4301 wir
1176 4248 1235 4302 dem
1253 4247 1347 4319 Berge,

430 4340 495 4394 Wo
515 4338 593 4394 deine
611 4335 796 4394 Donnerlreile
814 4337 938 4403 benten,
957 4337 1019 4406 ,don
1038 4335 1227 4410 Suehnspruch
1243 4356 1300 4394 ror.
