3400 5042
872 495 898 569 s

379 944 412 1000 2
464 911 523 996 rr
564 905 813 1007 arrrnrus
854 881 1317 1010 enuticusunus
1391 1001 1395 1006 ,

620 1097 622 1100 ι
687 1031 1104 1117 transmutans.

783 1221 785 1225 ,
847 1214 850 1220 -
1031 1189 1128 1239 seeuoen
1141 1189 1295 1230 contereretur

725 1298 727 1303 .
788 1261 886 1325 ¹(tunultu
898 1261 997 1310 rutaatuu
1011 1262 1043 1302 est
1055 1270 1105 1310 opus
1118 1263 1142 1324 at*
1153 1270 1272 1328 eomponera
1284 1261 1370 1310 staples.
1382 1281 1391 1319 j.

1088 1332 1237 1394 lattantttm.

447 1435 546 1523 Quod
568 1435 778 1524 popularium
801 1437 937 1521 omnino
960 1437 993 1502 id
1015 1460 1115 1524 genus
1141 1461 1210 1509 esse
1238 1425 1420 1504 carminum

363 1532 510 1630 dicimus,
537 1539 626 1626 quod
642 1539 681 1627 in
703 1539 798 1620 certis
826 1540 1037 1628 repetitisque
1064 1541 1148 1605 vitae
1168 1551 1240 1604 >aut
1271 1539 1421 1626 publicae

363 1653 419 1706 aut
433 1641 582 1728 privatae
594 1642 717 1706 actibus
729 1643 930 1708 solemnibus
946 1644 988 1707 ita
1006 1655 1172 1730 cantetur„
1184 1655 1219 1706 ut
1234 1666 1309 1731 pars
1325 1667 1422 1730 quae-

363 1731 440 1811 dam
462 1745 583 1810 horum
604 1748 783 1810 necessaria
805 1758 903 1834 atque
925 1747 1048 1833 integra
1071 1770 1139 1812 esse
1158 1729 1312 1824 videaturss
1333 1747 1421 1810 idern

309 1850 311 1856 ’
364 1848 461 1914 eti-am
490 1848 531 1912 de
559 1848 756 1912 carminibus
784 1851 1013 1914 Romanorum
1039 1849 1252 1937 popularibus
1276 1850 1422 1926 animad-

309 1985 312 1989 ·
365 1963 490 2017 vertere
511 1950 594 2030 licet,
616 1975 718 2039 quum
741 1951 782 2015 ad
804 1965 944 2039 partum,
969 1954 1106 2041 nuptias,
1127 1953 1251 2032 lunera,
1272 1977 1423 2030 messem,

364 2054 519 2134 convivia,
545 2054 745 2141 triumphos,
772 2055 942 2141 religiones
969 2068 1054 2121 certa
1080 2068 1226 2143 spectent
1251 2041 1423 2120 cantilena-

364 2145 439 2223 rum
461 2181 590 2246 genera,
616 2157 724 2222 modis
752 2146 784 2222 et
805 2159 911 2224 verbis
933 2183 1046 2224 earum
1068 2171 1185 2246 sponte
1213 2183 1276 2222 una
1303 2182 1423 2245 provo·

365 2262 451 2337 catis.
484 2260 547 2331 llic
569 2284 647 2342 vero
670 2261 826 2349 quoniam
845 2262 913 2339 lieri
936 2287 1003 2347 non
1020 2263 1135 2350 potuit,
1158 2261 1237 2350 quin
1256 2262 1422 2348 ingenium

364 2366 564 2431 cantantium
592 2388 782 2452 expressum
805 2377 1028 2452 cognoscatur,
1056 2366 1154 2430 etiam
1176 2389 1240 2429 una
1262 2389 1337 2429 cum
1359 2365 1424 2433 hoc

364 2469 594 2558 progrediente
615 2467 782 2555 popularis
802 2468 862 2549 illa
889 2469 997 2556 poesis
1026 2491 1155 2532 necesse
1179 2480 1233 2546 ¹est
1257 2460 1424 2554 procedat,

365 2584 398 2637 et
425 2573 549 2637 variam
580 2595 651 2658 pror
678 2571 774 2654 variis
802 2571 1007 2658 temporibus
1038 2572 1181 2658 speciem
1213 2563 1425 2661 indolemque

364 2698 444 2763 prae
471 2698 505 2740 se
532 2675 623 2740 serat.
667 2673 732 2758 Qui
761 2674 895 2761 quidem
924 2678 1089 2738 connexus
1115 2674 1148 2737 in
1174 2674 1236 2738 hac
1257 2697 1425 2752 commen-

364 2777 487 2864 tatione
509 2778 614 2865 probe
637 2777 861 2841 observandus
883 2777 951 2855 erit,
973 2788 1009 2840 ut
1030 2777 1071 2840 de
1093 2776 1224 2862 singulis
1241 2778 1423 2863 carminum

365 2880 540 2971 generibus
562 2891 649 2946 recte
670 2879 840 2961 judicetur,
862 2880 1002 2967 ideoque
1029 2880 1114 2943 bene
1134 2866 1425 2968 perpendendum,

366 2985 521 3049 interesse
551 2983 672 3071 aliquid
702 2982 786 3046 inter
811 2983 931 3068 ingenii
960 2982 1105 3048 indolem
1127 2983 1341 3070 agricolarum
1364 2987 1425 3048 lta-

365 3086 503 3152 licorum
530 3098 562 3150 et
593 3085 798 3174 disciplinam
836 3086 956 3150 civium
983 3087 1221 3150 Romanorum.
1270 3087 1356 3150 Nam
1385 3089 1425 3151 ad

368 3189 624 3277 superstitiosam
650 3212 763 3253 rerum
797 3189 1110 3275 contemplationem
1138 3189 1224 3253 ltalis
1256 3192 1425 3279 propriam

367 3292 531 3380 fertilique
553 3291 780 3379 prodigiorum
801 3303 887 3356 terra
909 3304 1029 3368 ortum,
1050 3304 1083 3356 et
1104 3292 1144 3356 ad
1167 3293 1425 3377 obscoenitatem

367 3395 596 3483 lasciviamque
624 3395 840 3460 luxuriantem
873 3420 890 3460 e
919 3395 1045 3460 fervido
1079 3397 1233 3483 sanguine
1266 3398 1425 3486 coeloque

252 3506 254 3511 ’
367 3521 508 3564 amoeno
529 3497 791 3563 meridionalium
813 3499 983 3563 nationum
995 3511 1184 3562 manantem
1200 3501 1323 3565 accedit
1343 3502 1427 3566 acies

256 3672 258 3676 ,
368 3601 530 3690 quaedam
558 3601 676 3686 ingenii
705 3602 745 3666 ad
766 3601 941 3683 jocandum
964 3614 996 3665 et
1019 3602 1222 3666 illudendum
1244 3626 1363 3690 prona,
1384 3606 1425 3668 ita

367 3706 463 3772 utin
496 3728 612 3771 omnes
641 3705 739 3769 ltalos
767 3705 883 3769 cadere
915 3705 1061 3768 videatur
1092 3705 1157 3769 hoc
1190 3705 1229 3769 de
1255 3707 1425 3792 :Hadriano

369 3809 506 3874 dictum:
528 3810 633 3873 »Acer
653 3807 749 3872 nimis
771 3807 811 3872 ad
839 3808 1063 3872 lacessendum
1092 3810 1214 3896 pariter
1241 3821 1272 3874 et
1293 3834 1426 3898 respon-

368 3911 514 3978 dendum
536 3910 641 3990 seriis
655 3912 737 3992 joco,
765 3911 958 3976 maledictis:
979 3911 1103 3976 referre
1132 3935 1264 3977 carmen
1292 3915 1425 3978 carmini

369 4015 492 4080 dictum
514 4014 622 4091 dictui‚
649 4037 781 4101 prorsus
811 4027 845 4077 ut
872 4014 1065 4078 meditatum
1093 4016 1240 4079 crederes
1275 4016 1428 4081 adversus

370 4117 499 4183 omnia«
517 4122 540 4196 ¹)
547 4134 557 4202 3
580 4117 666 4181 unde
684 4117 780 4181 etiam
799 4119 962 4192 scenicum
980 4118 1147 4204 quoddam
1170 4119 1305 4183 diverbii
1327 4144 1428 4207 genus

386 4310 389 4317 '
414 4303 440 4372 ¹)
466 4305 537 4362 Vett.
554 4305 652 4380 Imper.
670 4304 788 4380 Epitom.
807 4324 847 4380 ap.
865 4305 956 4361 Aurel.
976 4303 1045 4361 Vict.
1065 4326 1086 4361 c.
1106 4305 1147 4359 ll.
