3400 5042
809 559 884 634 lto

319 755 402 822 quae
422 755 520 821 supra
543 734 714 798 observata
742 744 792 798 est
818 734 945 799 ratione
962 735 1013 812 ¹⁸).
1058 732 1152 818 Quae
1179 732 1314 821 quidem
1336 732 1377 798 si·

310 833 468 900 'militudo
490 835 600 900 nescio
622 857 663 900 an
692 835 884 900 obversetur
906 834 1029 899 Horatii
1056 835 1166 898 animo
1188 834 1221 898 in
1242 835 1377 922 epistola

319 936 360 1002 ad
383 935 527 1012 Pisones,
548 935 603 1001 ubi
626 959 643 1000 a
666 934 813 1000 dramate
830 934 978 1024 satyrico
997 933 1199 1000 Graecorum
1221 936 1378 1001 transiens

319 1035 360 1103 ad
384 1037 516 1103 Faunos
541 1036 682 1114 ltalicos,
713 1035 828 1102 iisdem
850 1035 997 1124 partibus
1017 1033 1079 1100 hos
1100 1035 1232 1100 iunctos
1254 1059 1322 1101 esse
1343 1039 1377 1100 in

320 1136 454 1204 scenicis
487 1136 570 1203 ludis
602 1137 720 1226 quibus
752 1135 824 1201 illos
857 1134 1035 1223 significare
1073 1135 1209 1202 videtur.
1261 1137 1377 1201 Macco

319 1239 429 1327 paullo
457 1239 622 1304 delicatior
649 1250 680 1303 et
706 1238 839 1325 politior
867 1249 914 1301 est
934 1241 1038 1322 Puppi
1059 1235 1177 1323 figura,
1214 1238 1305 1318 eujus
1331 1238 1378 1300 vis

319 1340 453 1405 ridicula
476 1341 509 1404 in
532 1364 571 1404 eo
593 1340 801 1427 potissimum
825 1339 951 1416 nititur,
984 1338 1073 1425 quod
1097 1339 1180 1403 inter
1201 1339 1378 1413 avaritiam,
1418 1350 1421 1356 '

319 1441 487 1506 honorum
519 1441 743 1529 cupiditatem,
778 1441 948 1504 libidinem
980 1441 1067 1504 varie
1098 1443 1234 1521 jactatus
1261 1466 1299 1504 ex
1321 1465 1377 1506 sua

320 1544 475 1630 opinione
497 1544 558 1608 sibi
580 1544 631 1607 vel
654 1543 793 1606 maxime
814 1567 927 1629 sapere
948 1543 1089 1618 videtur,
1121 1567 1238 1629 quum,
1270 1545 1377 1608 fatuus

320 1658 355 1710 ut
376 1658 426 1710 est
446 1657 478 1710 et
499 1645 738 1732 superstitiosus
764 1646 994 1732 credulusque,
1027 1669 1043 1708 a
1072 1646 1292 1709 callidioribus
1320 1647 1379 1710 ho-

320 1750 462 1813 minibus
493 1747 587 1813 facile
619 1747 806 1832 decipiatur.
866 1750 894 1810 A
928 1753 1026 1811 buccis
1057 1770 1160 1834 porro
1193 1748 1297 1811 dictus
1331 1761 1379 1812 est

319 1858 426 1929 Bucco,
447 1851 604 1938 parasitus
626 1872 707 1912 vana
735 1849 919 1934 garrulitate
942 1861 974 1912 et
995 1849 1166 1912 insatiabili
1196 1851 1378 1926 voracitate,

320 1956 375 2043 qui
397 1975 524 2018 summa
551 1951 682 2016 audacia
712 1963 743 2014 et
769 1950 884 2013 astutia
911 1974 1088 2014 coenarum
1114 1951 1294 2014 alienarum
1322 1975 1379 2038 ap·

320 2069 436 2145 petens
459 2055 490 2118 id
514 2054 574 2118 sibi
601 2053 772 2139 proposuit
798 2053 983 2138 negotium,
1016 2064 1052 2116 ut
1078 2052 1263 2116 scurrilibus
1290 2055 1378 2133 jocis,

320 2157 501 2235 blanditiis,
523 2154 677 2230 artificiis,
698 2155 795 2218 rebus
816 2155 910 2219 novis
933 2155 1034 2219 allatis
1057 2155 1209 2218 convivas
1231 2155 1377 2219 delectet.

322 2264 434 2326 Restat
471 2258 613 2344 denique
645 2261 801 2322 Dossenus
833 2258 900 2321 sive
931 2263 1088 2322 Dorsenus
1115 2280 1132 2319 a
1159 2261 1249 2322 dorso
1283 2258 1379 2321 nimis

322 2363 406 2427 elato
428 2372 576 2436 vocatus,
608 2359 662 2446 qui
690 2357 881 2444 philosophi
903 2372 1011 2446 partes
1033 2381 1147 2444 agens,
1179 2360 1378 2446 magicarum

322 2465 456 2541 artium,
488 2460 753 2536 fascinationum,
784 2461 1050 2525 vaticinationum
1079 2462 1209 2524 scientia
1230 2462 1378 2524 simulata

322 2566 410 2655 apud
431 2566 567 2630 rusticos
589 2562 738 2627 credulos
760 2585 794 2626 se
816 2563 977 2628 insinuare
999 2563 1115 2640 studet,
1135 2563 1309 2650 impudens
1326 2564 1378 2626 ille

322 2668 456 2758 quidem
478 2665 638 2758 hariolus,
661 2676 697 2728 ut
716 2664 842 2728 Ennius
866 2665 957 2742 dicit,
978 2689 1036 2729 seu
1057 2666 1187 2730 vicanus
1209 2664 1380 2752 haruspex,

323 2771 377 2857 qui
390 2771 430 2834 ab
443 2769 479 2832 iis
491 2768 609 2854 quibus
622 2767 746 2830 divitias
763 2767 936 2852 pollicetur
952 2771 1021 2853 ipse
1032 2767 1224 2832 drachmam
1236 2769 1316 2854 petit
1332 2773 1380 2846 ¹⁴).

323 2871 554 2958 Quamobrem
582 2892 650 2933 non
678 2868 792 2948 injuria
818 2868 899 2932 haec
927 2892 1067 2955 persona
1095 2893 1112 2933 a
1139 2870 1255 2933 Marsis
1280 2871 1381 2956 magi-

322 2997 434 3040 carum
470 2972 651 3036 istiusmodi
691 2972 808 3035 artium
846 2972 1020 3058 praecipue
1058 2973 1167 3058 peritis
1202 2972 1379 3059 repetenda

322 3077 458 3141 videtur.

404 3175 618 3264 Respondere
640 3198 717 3238 vero
739 3174 789 3238 his
816 3187 958 3262 quatuor
983 3177 1133 3262 personis
1155 3177 1379 3241 Atellanarum

321 3280 502 3346 simillimas
524 3277 681 3364 quasdam
703 3278 736 3339 in
762 3279 943 3342 recentiore
972 3277 1133 3342 Comedia
1164 3279 1240 3342 dell'
1261 3282 1339 3342 Arte
1361 3303 1378 3343 a

320 3383 398 3448 viris
420 3380 523 3446 doctis
545 3379 807 3443 animadversum
829 3392 885 3457 est,
905 3382 946 3444 ita
969 3393 1005 3444 ut
1017 3387 1143 3446 Maccus
1164 3393 1197 3444 et
1209 3387 1378 3456 scelestino,

321 3491 446 3571 Poppae
468 3495 499 3547 et
520 3487 685 3562 Pantalon,
707 3487 863 3546 Dosscnus
882 3494 915 3546 et
935 3488 1068 3548 Doctore
1089 3485 1139 3547 vel
1150 3489 1382 3563 Jurteconsulro,

322 3594 420 3654 Bucco
460 3599 493 3650 ct
529 3589 683 3664 Brr‘glsellu
714 3583 831 3648 harum
863 3586 1109 3650 comoediarum
1146 3586 1277 3651 easdem
1310 3586 1380 3651 fere

321 3703 429 3779 partes
451 3710 544 3773 agere
566 3687 736 3750 videantur
753 3691 805 3767 ¹⁵).

406 3792 462 3857 Ob
490 3791 549 3854 has
575 3789 671 3875 igitur
697 3800 793 3853 statas
826 3802 996 3879 certasque
1028 3815 1184 3879 personas
1213 3792 1380 3856 Atellanae

321 3895 529 3984 potissimum
548 3906 730 3977 personatus
743 3894 876 3974 subulae
898 3894 1001 3960 dictae
1023 3906 1111 3973 sunt,
1132 3918 1208 3958 curn
1230 3906 1380 3959 constans

380 4161 391 4195 ⁸
424 4163 520 4216 Horat.
538 4159 598 4215 Ars.
616 4169 689 4232 po'c't.
707 4182 731 4214 v.
748 4160 808 4214 220.

380 4243 391 4274 ⁴
424 4243 527 4296 Ennius
545 4263 586 4316 ap.
606 4241 692 4298 Cicer.
712 4244 745 4298 de
763 4244 826 4296 Div.
845 4244 865 4305 Ι,
883 4243 926 4297 58.

391 4321 405 4393 )
425 4324 466 4379 cf.
485 4325 541 4377 W.
560 4324 687 4391 Mueller,
705 4326 784 4390 Rom,
801 4325 917 4380 Boemer
934 4325 990 4379 und
1007 4324 1209 4382 Roemeriuueu
1225 4326 1261 4394 ll,
1278 4347 1304 4400 p.
1323 4327 1383 4381 125.
