3400 5042
819 496 897 576 tat

330 673 386 765 qui
407 693 519 739 versus
539 692 740 761 quamquam
760 693 829 738 non
850 670 884 737 in
900 670 971 760 ipso
986 669 1156 760 triumpho
1168 670 1294 760 agendo
1306 671 1390 738 edite

330 784 516 851 narrantur,
552 783 663 838 tamen
695 772 834 839 eandem
867 794 966 862 quam
997 771 1047 838 isti
1073 771 1217 860 speciem
1248 795 1328 860 prae
1356 795 1390 837 se

330 879 449 943 lerunt.
482 874 568 940 Nam
591 897 694 962 quum
717 873 853 940 omnino
875 873 952 939 civis
965 873 1106 939 Romani
1128 885 1161 940 et
1182 874 1291 940 militis
1307 886 1392 939 esset

332 1000 436 1043 unum
458 974 612 1064 idemque
641 973 799 1052 officium,
830 975 928 1040 etiam
950 974 1134 1063 triumphus
1155 997 1223 1041 non
1250 975 1391 1041 militum

332 1078 453 1157 solum,
486 1075 544 1142 ssd
566 1075 715 1141 omnium
737 1075 859 1141 civium
881 1074 949 1142 dies
971 1087 1038 1142 erat
1060 1077 1174 1157 festus,
1200 1078 1290 1159 cujus
1310 1076 1394 1142 sols-

331 1179 421 1246 mnia
449 1200 525 1244 cum
550 1175 707 1264 religione
734 1173 997 1266 Capitolinomm
1030 1177 1167 1245 deorum
1200 1190 1286 1244 arcte
1314 1201 1391 1244 con-

331 1283 440 1364 juncta
462 1288 579 1348 essent
621 1276 733 1364 Quare
755 1276 906 1366 ingente
928 1277 1081 1345 bellicosa
1108 1290 1289 1346 castrorum
1312 1302 1392 1369 quo·

332 1381 491 1448 tidianum
509 1377 760 1446 contubernium
777 1378 961 1466 aptissimus
979 1380 1159 1458 eretlocus,
1180 1382 1266 1446 unde
1278 1381 1390 1446 ludicri

332 1505 445 1549 versus
477 1481 511 1546 in
542 1480 706 1569 principes
737 1480 872 1545 civitatis
903 1483 1076 1568 compositi
1108 1484 1205 1548 etiam
1239 1483 1331 1547 latius
1359 1483 1390 1546 in

331 1585 493 1675 populum
514 1606 647 1647 manare
673 1594 816 1672 possent.
860 1589 972 1669 ltaque
1000 1584 1098 1647 etiam
1121 1607 1138 1648 a
1159 1584 1390 1669 gladiatoribus

332 1688 437 1753 sirnile
458 1684 691 1750 versiculorum
713 1706 814 1770 genus
836 1685 990 1763 jactatum
1011 1709 1082 1750 esse
1100 1685 1197 1750 docet
1206 1689 1320 1752 Festus
1343 1686 1391 1749 his

331 1790 450 1857 verbis:
467 1786 632 1853 »Retiario
642 1785 799 1873 pugnanti
810 1787 964 1851 adversus
975 1788 1221 1853 murmillonem
1232 1799 1392 1854 cantatur:

433 1889 497 1956 No.
518 1895 569 1955 23.
690 1891 762 1954 Non
782 1896 816 1954 te'
829 1904 902 1974 peto
920 1895 1033 1975 piscem
1050 1906 1122 1976 peto
1135 1925 1142 1941 ·
1155 1897 1229 1978 quid
1244 1898 1293 1956 me*
1303 1894 1392 1972 sugis

838 1995 952 2056 Galle'?

332 2095 406 2187 quie
418 2092 697 2160 murmillonicum
708 2114 809 2179 genus
820 2105 1004 2159 armaturae
1016 2093 1179 2160 Gallicum
1191 2105 1249 2171 est,
1268 2095 1393 2183 ipsique

332 2196 560 2264 murmillones
581 2205 655 2259 ante
677 2193 764 2259 Galli
785 2194 1047 2282 appellabantur,
1074 2195 1108 2261 in
1130 2219 1272 2283 quorum
1294 2195 1393 2282 galeis

332 2298 427 2389 piscis
454 2295 578 2383 efligies
605 2295 727 2360 inerat«
740 2300 775 2374 ⁷).
819 2296 881 2360 liic
909 2297 1042 2384 quidem
1069 2298 1201 2384 puerilis
1231 2297 1283 2361 ills
1310 2297 1392 2361 ratio

333 2424 397 2491 qua
418 2404 560 2464 retmrius
581 2395 803 2462 adversarium
830 2397 919 2463 velut
936 2407 1049 2485 precem
1070 2399 1104 2464 in
1125 2415 1189 2466 rete
1210 2399 1339 2464 allicere
1361 2410 1394 2463 et

332 2502 477 2569 mulcere
498 2511 614 2578 tentat,
645 2499 678 2563 in
699 2522 830 2564 summo
851 2502 1044 2587 praesertim
1066 2502 1150 2567 vitae
1171 2501 1324 2588 necisque
1346 2500 1394 2565 di-

333 2603 499 2683 scrimine,
519 2612 647 2667 acutam
668 2624 744 2666 sane
761 2601 997 2692 ridiculamque
1013 2602 1180 2692 quandam
1202 2601 1302 2667 habet
1317 2602 1392 2666 vim.
1484 2672 1488 2687 ι

417 2707 490 2770 Hoc
510 2726 588 2769 vero
613 2703 805 2768 occentandi
826 2726 922 2771 more
951 2728 1067 2770 omnes
1093 2704 1255 2786 ejusmodi
1282 2727 1394 2769 versus

332 2809 474 2875 ludicros
501 2805 599 2892 vulgo
625 2807 759 2886 jactatos
786 2806 914 2871 Romae
940 2818 1031 2872 ortos
1059 2830 1147 2885 esse,
1179 2832 1219 2872 ex
1244 2807 1282 2872 iis
1310 2829 1393 2895 quae

333 2910 507 2978 Suetonius
528 2905 666 2972 servavit
687 2907 844 2994 exemplis
865 2909 1072 2996 conspicitur.

416 3011 524 3078 sicin
545 3009 724 3086 Neronem,
746 3032 849 3096 quum
871 3022 1011 3076 matrem
1026 3011 1194 3077 occidisset
1210 3011 1392 3098 urbemque

333 3140 410 3183 suae
439 3110 661 3179 delectationis
694 3133 789 3175 causa
815 3112 936 3198 ingenti
965 3112 1118 3178 incendio
1152 3112 1394 3191 inflammasset,

334 3217 434 3285 caesis
450 3226 619 3304 praeterea
641 3213 675 3278 in
688 3211 864 3292 Britannia,
885 3213 919 3277 in
935 3215 1090 3280 Armenia
1112 3215 1173 3280 sub
1189 3217 1302 3300 jugum
1318 3215 1394 3280 mis·

333 3322 374 3387 sis
394 3317 594 3407 legionibus,
620 3314 654 3381 hi
676 3313 867 3403 lepidissimi
891 3315 1038 3381 versiculi
1060 3329 1136 3382 sunt
1156 3317 1285 3403 vulgati.

333 3485 397 3554 No.
418 3490 468 3549 24.
531 3485 563 3559 a)
587 3485 663 3567 Quis
679 3493 778 3560 negat,
799 3484 922 3546 Aeneae
937 3506 1047 3560 magno
1061 3486 1100 3547 de
1114 3488 1209 3568 stirpe
1219 3485 1396 3548 Neronem?

584 3586 715 3647 Sustulit
735 3587 785 3647 lu'c
804 3597 947 3660 matrem,
967 3591 1092 3650 sustulit
1112 3591 1165 3650 tlte
1182 3600 1310 3670 patrem.

530 3769 566 3847 b)
586 3773 667 3835 Dum
698 3772 794 3833 tendit
826 3772 976 3833 cutum
1010 3728 1130 3846 noster,
1176 3775 1246 3835 dum
1282 3797 1394 3837 cornua

755 3874 904 3949 Parthus,

585 3976 704 4038 Noster
723 3978 781 4038 erit
796 3975 913 4052 Paean,
934 3978 985 4038 ille
1007 3956 1272 4054 ἕκατηβελέτηδ.

336 4162 545 4179 m

393 4258 419 4329 l)
437 4261 508 4316 Fert
525 4279 550 4313 r.
568 4257 687 4315 Ratiario
708 4280 734 4333 p.
750 4256 809 4314 285.
