3400 5042
827 549 877 625 dl

323 724 517 814 Scipionum
549 725 771 792 monumentis
802 725 894 792 litere
926 753 954 793 m
986 727 1159 794 accucatiri
1197 732 1384 818 saepissime

324 827 442 893 omissa
466 837 523 892 est.

397 934 430 1008 l)
454 932 559 995 Omina
570 928 648 1017 quid
661 928 850 1016 significent,
867 929 1032 997 declarant
1044 931 1155 998 Ovidii
1166 958 1277 1000 versus
1289 959 1307 1000 e
1319 935 1386 999 col·

324 1029 436 1121 loquio
458 1029 534 1096 ficto
556 1041 674 1118 poetae
690 1053 766 1096 cum
783 1033 871 1097 lano
888 1032 1075 1122 deprompti
1091 1033 1155 1104 Ov.
1174 1037 1258 1102 Fast.
1276 1038 1300 1116 l,
1314 1043 1385 1104 135:

426 1131 536 1220 »Quid
559 1130 627 1197 vult
647 1132 756 1220 palma
778 1133 838 1199 sibi
859 1157 1043 1225 rugosaque
1065 1138 1166 1203 carica
1188 1137 1262 1216 dixi,

426 1236 470 1302 Et
490 1233 564 1300 data
586 1234 646 1299 sub
668 1234 757 1300 nives
778 1235 915 1302 candida
937 1236 1033 1304 mella
1056 1239 1152 1306 lavo?

428 1342 529 1416 Omen,
550 1337 602 1416 ait,
624 1359 718 1404 causa
742 1349 795 1415 cst,
818 1350 926 1404 utres
948 1363 1046 1428 sapor
1066 1341 1120 1407 ille
1141 1353 1321 1431 sequatur«

324 1440 483 1530 equibus
505 1439 711 1528 apparetvel
739 1441 807 1528 ipsa
835 1449 943 1520 mello,
968 1446 1095 1523 fruges,
1123 1471 1231 1529 poma,
1260 1450 1385 1528 pultem,

323 1549 506 1620 subuculam,
525 1548 774 1627 praelibationes,
797 1543 857 1608 alia
882 1545 1041 1624 ejusmodi
1054 1547 1151 1624 Jano,
1173 1546 1224 1610 cui
1237 1545 1268 1608 in
1281 1545 1386 1609 omni·

250 1704 254 1712 ,
323 1647 383 1711 bus
404 1644 566 1711 sacrificiis
586 1645 727 1730 praefari
744 1646 897 1721 solerent,
919 1648 991 1711 data
1003 1649 1158 1734 appellari
1169 1671 1265 1734 posse
1277 1654 1385 1725 omina,

323 1773 426 1837 quum
464 1747 655 1836 praesertim
694 1746 845 1813 homines
877 1751 968 1813 initio
1001 1753 1077 1813 anni
1110 1752 1195 1815 inter
1226 1751 1384 1815 solemnia

322 1853 398 1917 Jani
420 1849 595 1932 lnitiatqris
617 1861 763 1915 aureatas
780 1852 908 1931 caricas,
930 1876 1041 1940 poma,
1063 1854 1169 1931 mella,
1190 1853 1267 1918 alies
1284 1877 1385 1940 nugas

322 1955 373 2020 vul
396 1965 520 2019 strenas
542 1952 620 2017 boni
648 1952 766 2017 ominis
795 1978 890 2019 causa
913 1955 973 2019 sibi
996 1956 1136 2020 invicem
1158 1957 1280 2021 donare
1302 1957 1385 2020 sole-

322 2068 403 2121 rent.
431 2053 483 2121 Cf.
507 2053 605 2119 ovid.
629 2055 714 2118 Fast.
737 2057 760 2133 l,
785 2063 851 2123 185.
875 2058 1032 2142 Hartung.
1055 2059 1126 2122 Rel.
1149 2061 1247 2123 Rom.
1273 2061 1312 2137 ll,
1333 2065 1383 2122 22.

425 2161 462 2240 t)
482 2162 607 2236 Potula,
629 2169 886 2223 consentaneum
902 2171 950 2223 est
966 2160 1074 2225 vocari
1092 2161 1215 2248 templa
1230 2161 1306 2226 dani
1323 2166 1386 2226 Pc-

322 2267 420 2340 tulcii,
440 2263 510 2343 ejus
531 2260 687 2325 nimirum
709 2261 761 2325 dei
782 2284 842 2347 per
864 2285 964 2349 quem

534 2363 694 2450 »Templa
713 2379 820 2449 palent
841 2387 1002 2453 auresque
1024 2365 1152 2434 deum«

324 2467 387 2535 Ov.
404 2467 491 2531 Fast.
504 2466 528 2543 l,
547 2472 607 2532 180
621 2467 665 2534 ib.
680 2473 747 2542 118,
769 2466 871 2530 Macr.
884 2468 949 2532 Sat.
963 2470 987 2531 l.
998 2475 1028 2546 9,
1046 2469 1180 2555 ejusque
1191 2466 1305 2555 templi
1314 2494 1386 2553 por-

322 2585 373 2635 tae
384 2581 416 2634 et
427 2568 515 2656 ipsae
527 2567 594 2632 lere
606 2590 737 2655 semper
744 2584 865 2651 poterin
887 2581 922 2634 ut
933 2595 950 2634 e
963 2571 1125 2635 contrario
1139 2571 1290 2634 dicuntur
1297 2597 1386 2655 pene-

323 2677 416 2738 tralia
442 2674 553 2735 Vestae
575 2681 608 2734 et
628 2675 787 2735 Penatium
808 2694 871 2758 pro
888 2683 1002 2737 natura
1024 2672 1147 2737 horum
1169 2671 1352 2736 numinum.

404 2777 442 2854 6)
465 2778 614 2839 Coemesse
636 2797 653 2838 a
675 2779 828 2839 coemendi
845 2775 948 2840 verbo
972 2775 1203 2841 deducendum
1225 2798 1286 2839 nec
1308 2798 1385 2840 cum

322 2877 486 2964 Scaligero
508 2902 641 2940 comesse
662 2876 880 2956 scribendum,
903 2879 1000 2942 docet
1011 2878 1098 2942 vocis
1109 2894 1210 2963 empta
1221 2878 1253 2942 in
1266 2878 1385 2943 eodem

322 2980 464 3044 carmine
497 2978 703 3064 significatio,
741 2981 827 3044 unde
859 2993 949 3068 patet
980 2988 1106 3046 colmere
1134 2981 1222 3045 idem
1251 3004 1320 3045 csse
1349 3003 1385 3042 ac

322 3089 492 3169 concipere,
514 3086 671 3160 colligere,
693 3083 839 3164 conferre.
885 3084 1013 3169 Quodsi
1035 3085 1173 3171 legimus
1195 3085 1282 3170 apud
1306 3085 1386 3148 Pau-

321 3187 390 3251 lum
411 3208 444 3273 p.
465 3190 505 3251 37
517 3211 524 3248 ε
557 3188 755 3249 »Collatinum
776 3185 969 3250 sacrificium
989 3187 1107 3252 dicitur
1123 3187 1213 3275 quod
1234 3211 1273 3250 ex
1291 3193 1385 3250 colla-

322 3294 402 3354 lr'une
423 3286 599 3365 offertum«
632 3310 700 3351 non
722 3287 860 3352 dubium
887 3290 1029 3369 videtur,
1052 3291 1130 3377 quin
1153 3288 1234 3353 haec
1255 3289 1324 3375 ipsa
1345 3289 1385 3352 sit

321 3415 372 3456 res
394 3391 436 3455 de
458 3413 521 3478 qua
543 3412 640 3454 versu
662 3400 774 3453 nostro
797 3401 920 3477 agatur.

405 3498 442 3575 7)
461 3497 538 3556 Jani
556 3515 619 3579 pro
640 3496 702 3556 Jan
717 3492 814 3580 aliqui
826 3494 978 3558 codicum
990 3495 1163 3581 scriptores
1175 3505 1261 3558 recle
1274 3517 1384 3557 emen-

321 3597 439 3662 darunt
459 3596 513 3674 (cl.
536 3594 609 3658 edd.
632 3595 753 3681 Speng.
776 3607 809 3659 et
830 3596 957 3676 Muell.)

403 3704 436 3777 8)
460 3703 606 3763 Cusianes
627 3721 697 3763 esse
721 3702 866 3764 Curiones
887 3700 1031 3786 Scaliger
1052 3711 1084 3764 et
1102 3700 1278 3764 Turnebus
1300 3698 1387 3761 vide-

321 3812 398 3867 runt
424 3801 485 3880 (cf.
515 3800 616 3868 Gutb.
643 3824 675 3887 p.
705 3807 772 3866 133.
801 3803 872 3888 sq.)
908 3808 1173 3867 Consentaneum
1205 3825 1283 3866 vero
1316 3812 1385 3864 erat

319 3906 407 3970 Jano
430 3903 588 3967 lnitiatori
611 3916 706 3992 atque
732 3908 881 3982 Curiatio,
903 3905 1024 3992 quippe
1047 3906 1101 3993 qui
1129 3906 1257 3992 triginta
1280 3926 1385 3992 quon-

321 4008 398 4072 dam
420 4012 511 4072 curiis
532 4017 709 4093 praeesset,
743 4005 896 4072 Calendis
918 4008 1044 4071 Martiis
1072 4008 1163 4071 initio
1191 4007 1246 4070 illo
1270 4006 1383 4070 vetusti

321 4112 550 4175 Romanorum
572 4109 664 4187 anni,
698 4133 763 4196 quo
787 4109 838 4173 die
862 4116 1001 4174 etruria
1026 4111 1156 4197 antiqua
1179 4109 1272 4173 novis
1293 4109 1385 4171 iron-

322 4213 416 4279 dibus
439 4224 616 4291 ornaretur,
638 4224 670 4275 et
691 4212 803 4277 ancilia
825 4224 1053 4291 moverentur,
1080 4236 1098 4276 a
1121 4213 1213 4277 Saliis
1231 4239 1288 4297 pro
1309 4217 1384 4296 r'rrsr's

322 4322 413 4383 curris
433 4319 615 4401 sacrficium
640 4321 812 4382 collativam
837 4318 965 4398 offerri,
1002 4315 1142 4405 ideoque
1169 4341 1187 4382 a
1214 4321 1383 4382 curionibus
