3400 5042
814 528 864 601 lu

400 707 464 772 No.
486 713 515 772 ὅ.
618 707 759 791 Quamvis
776 711 952 771 mouentziim
972 709 1101 770 duomlm
1115 710 1275 784 negumate

319 810 373 875 ubi
395 834 456 898 pro
479 821 634 896 corrupto
654 816 829 875 mouentium
848 808 1033 896 scripserim
1054 813 1241 887 monentium,
1273 805 1314 872 ita
1338 820 1373 872 ut

318 913 474 984 sententia
496 912 607 977 similis
626 913 722 992 vatis,
752 935 790 978 ac
811 910 1018 999 supra-apud
1031 911 1168 976 Livium
1191 912 1286 992 lecta,
1318 913 1372 976 sit:

320 1015 385 1081 Sed
407 1038 514 1106 neque
537 1016 649 1081 credes
671 1028 706 1080 tu
727 1014 823 1094 mihi,
845 1015 959 1079 donec.
980 1025 1033 1078 ctt.

346 1163 349 1168 -
403 1122 451 1182 Au
482 1117 564 1182 haec
592 1117 678 1182 addo
711 1141 843 1195 carmen
876 1117 1046 1206 antiquum
1078 1115 1225 1182 fatidicae
1246 1117 1373 1205 puellae

319 1220 494 1303 cujusdam,
520 1220 610 1308 quod
636 1219 676 1284 de
702 1220 841 1309 imperio
868 1221 1021 1284 Romano
1047 1231 1210 1285 cantatum
1231 1220 1269 1300 ⁸in
1290 1219 1376 1287 hanc

320 1323 512 1392 sententiam
543 1328 682 1387 enotuit:
714 1322 907 1388 »Oriturum
931 1321 1129 1411 quandoque
1149 1346 1188 1387 ex
1220 1322 1374 1411 Hispania

320 1426 502 1513 principem
524 1425 761 1513 dominumque
783 1448 914 1489 rerum«
929 1430 977 1507 ¹⁹),
1005 1449 1087 1514 quae
1108 1424 1252 1490 verbain
1274 1426 1376 1492 direc-

320 1540 387 1593 tam
417 1527 607 1593 orationem
626 1551 736 1593 -versa
773 1550 949 1593 numerum
985 1527 1174 1593 Saturnium
1204 1529 1377 1615 perspicue

322 1654 400 1718 prae
422 1654 456 1696 se
476 1630 600 1696 lerunt:

404 1733 467 1797 Nc.
496 1739 526 1802 6.
848 1767 938 1784 ·····
948 1737 1069 1799 Oric'tur

467 1837 652 1923 Qurtuddque
672 1862 711 1901 aa·
732 1839 884 1922 Ηιέςραηίά
900 1843 1038 1923 princdps¹
1058 1843 1250 1924 dominusque
1270 1842 1376 1904 rdrum.
1488 1877 1490 1881 ·

816 2009 882 2082 tv.
941 2074 943 2079 ,

536 2104 595 2231 nn
623 2147 904 2233 crunnum
930 2147 1173 2234 sutrium

881 2323 883 2326 .
967 2291 1174 2342 intumentium

781 2361 893 2401 carulum:
910 2362 999 2402 tntanutt
1010 2372 1054 2402 curn
1066 2361 1147 2408 vertere
1160 2361 1215 2409 itm
1227 2361 1326 2413 narrator,

781 2432 865 2472 ttutator
878 2433 939 2472 edunt
952 2433 1026 2481 partter
1039 2435 1070 2473 tot
1083 2433 1163 2481 pectora
1176 2421 1248 2474 notua·
1274 2422 1276 2427 ’
1307 2486 1309 2491 Ι

872 2503 875 2507 ’
1103 2504 1204 2543 unum
1217 2492 1352 2542 nauum

406 2591 457 2654 De
469 2588 561 2654 Saliis
583 2588 768 2676 saepissime
790 2591 877 2676 apud
898 2592 1071 2679 scriptores
1093 2591 1382 2679 antiquosm'emo-'

324 2705 411 2757 ratos
433 2691 553 2778 duplex
576 2703 677 2755 exstat
697 2691 962 2757 testimoniorum
984 2717 1102 2780 genus,
1121 2694 1262 2759 ‘alterum
1279 2693 1380 2758 histo·

324 2796 467 2860 ricorum
490 2818 527 2859 ac
547 2805 728 2882 poetarum,
751 2796 804 2881 qui
817 2795 858 2859 de
876 2796 964 2860 cultu
975 2790 1251 2884 religionibusque
1263 2790 1379 2861 eorum

324 2899 469 2977 tradunt,
490 2899 627 2962 alterum
650 2899 951 2984 grammaticorum,
978 2900 1032 2987 qui
1055 2900 1096 2963 de
1122 2900 1307 2964 carminum·
1321 2898 1380 2962 've-

326 3014 487 3067 tustorum
520 3002 680 3077 oratione,
712 3001 870 3088 reliquiis,
903 3002 1034 3089 singulis
1066 3002 1177 3066 verbis·
1206 3001 1380 3088 disputant.

326 3103 438 3168 Nihilo
470 3116 580 3168 tamen
613 3103 715 3167 secius
747 3103 870 3168 lubrica
902 3117 1014 3169 manet
1041 3104 1082 3169 de
1104 3128 1141 3169 ea
1162 3129 1198 3170 re
1219 3100 1380 3170 scribendi

327 3207 475 3285 facultas,
508 3230 609 3293 quum
642 3204 676 3268 hi
706 3206 871 3271 Saliorum
897 3227 1010 3272 versus
1043 3206 1284 3294 suo'tempore
1315 3208 1386 3288 jam¹

328 3321 483 3373 vetustate
511 3309 666 3373 obscuros
693 3308 924 3395 profiteantur,
956 3311 1001 3375 illi
1029 3333 1103 3375 raro
1125 3309 1239 3397 integri
1260 3308 1324 3374 sint
1345 3331 1386 3372 ac·

328 3412 424 3499 periti
446 3411 641 3497 religionum
663 3412 926 3500 solemniumque
948 3437 1031 3500 quae
1052 3413 1204 3478 viderunt
1225 3412 1383 3477 existima·

328 3527 424 3579 tores.
467 3515 660 3580 Recentiore
682 3525 784 3579 aetate
806 3515 847 3580 de
869 3527 979 3580 nostra
1000 3539 1037 3580 re
1058 3539 1141 3603 quae
1158 3515 1382 3580 animadversa

329 3629 404 3681 sunt
434 3617 554 3704 passim
586 3640 604 3681 a
636 3612 712 3681 viris
745 3616 847 3681 doctis
887 3621 1034 3705 quamvis
1066 3618 1238 3705 diligenter
1268 3616 1383 3681 collata

328 3742 435 3806 neque
456 3720 490 3783 in
511 3719 642 3805 singulis
663 3720 760 3784 rebus
781 3719 850 3784 sine
871 3722 981 3786 critico
1002 3720 1122 3802 judicio
1144 3719 1299 3808 explicata
1321 3719 1385 3783 sint
1411 3774 1413 3776 ,

329 3821 617 3900 aGutberlethio‚
649 3835 758 3887 tamen
792 3822 883 3888 deest
914 3825 982 3905 ejus
1009 3820 1120 3887 libello
1154 3846 1219 3887 una
1252 3845 1290 3886 ac
1322 3820 1382 3885 sibi

330 3937 484 3990 constans
505 3925 602 4003 ratio,
623 3936 658 3988 ut
679 3947 758 4012 prae
781 3925 1011 3991 minutioribus
1032 3925 1203 4012 permultis
1225 3922 1385 4012 quaestio-

330 4026 439 4105 nibus,
477 4027 554 4114 quid
586 4027 647 4091 sibi
680 4026 757 4091 velit
789 4039 856 4093 tota
888 4051 939 4094 res
976 4050 1183 4116 nequaquam
1214 4025 1384 4113 perspicue

330 4152 520 4216 expressum
541 4129 589 4195 sit.

374 4311 411 4384 ¹⁸)
428 4314 541 4371 sueton.
560 4314 638 4371 Galli.
657 4336 680 4371 c.
697 4313 722 4370 9.
