3400 5042
809 543 882 620 121

320 731 354 787 et
374 719 461 787 idem
484 719 632 785 stabula
654 718 748 786 Acilii
770 719 977 785 Glabrionis:

403 820 467 886 No.
493 828 540 887 19.
581 825 706 899 Fundit,
719 824 827 906 sugat,
845 827 1011 907 prosternit
1024 826 1172 887 maumas
1182 826 1312 902 legiones
1325 822 1379 900 ¹⁸).

403 921 559 1002 Ejusdem
592 923 717 1008 generis
749 923 895 987 tabulam
928 922 1087 988 hebernus
1120 922 1235 987 Arretii
1269 943 1380 1010 reper-

322 1034 400 1098 tam,
423 1023 512 1102 cujus
534 1023 567 1086 in
588 1023 682 1088 titulo
705 1023 802 1112 Appii
825 1022 953 1088 Claudii
966 1023 1063 1089 Caeci
1086 1046 1138 1088 res
1160 1034 1267 1107 gestae
1289 1043 1381 1086 enar·
1448 1013 1452 1019 ⁵

322 1134 443 1200 rantur,
465 1146 604 1212 eamque
625 1148 765 1190 nurnero
790 1125 943 1191 Saturnio
970 1125 1132 1190 vindicare
1158 1147 1226 1190 non
1255 1124 1380 1204 dubito,

214 1252 215 1257 ¹
321 1224 409 1312 quod
438 1235 470 1289 et
497 1225 650 1291 naturalis
678 1228 856 1292 verborum
885 1239 1036 1293 accentus
1063 1251 1138 1291 curn
1165 1226 1281 1290 ictibus
1309 1248 1380 1289 ver·

321 1347 416 1388 auum
439 1325 560 1413 ubique
583 1328 756 1415 conspirat,
777 1341 809 1393 et
826 1353 888 1393 una
901 1352 976 1392 cum
988 1329 1134 1393 versibus
1145 1329 1240 1393 etiarn
1253 1326 1380 1416 periodi

319 1425 594 1515 cogitationesque
617 1442 748 1506 exeunt,
770 1442 802 1493 et
823 1431 925 1494 exitus
946 1453 1098 1494 versuum
1115 1431 1211 1494 simili
1232 1450 1381 1507 numero,

321 1528 475 1607 decursu,
507 1553 590 1594 sono
613 1532 671 1595 sibi
694 1533 908 1619 respondent:

361 1631 425 1695 No·
437 1637 488 1697 2⁰.
531 1637 689 1718 Complura
708 1641 820 1720 oppida
840 1642 882 1700 de'
899 1638 1081 1699 Samnitibus
1102 1643 1191 1720 cepit,

533 1742 710 1801 Subr'rrorum
732 1753 761 1801 et
786 1736 954 1801 Tuscorum
975 1742 1137 1802 exercitum
1150 1739 1250 1818 fudit,

531 1843 642 1904 Pace'm
658 1841 738 1923 fieri
749 1865 818 1904 cum
840 1839 957 1921 Py'rrlto
979 1846 1048 1918 re‘ge
1066 1844 1231 1924 probibuit,

532 1944 569 2005 In
591 1945 724 2006 censura
746 1948 822 2006 viam
846 1923 975 2028 sippidm
994 1947 1105 2006 strauit
1125 1956 1155 2005 e!
1178 1947 1287 2027 siquam

531 2047 569 2107 In
589 2049 689 2108 urbem
710 2050 853 2118 adduxi&
875 2051 979 2110 oedem
1000 2048 1142 2108 Bellonae
1154 2043 1237 2124 fecit
1252 2048 1301 2122 ²⁴).

320 2149 534 2161 σι*-

423 2214 452 2256 ut
475 2201 641 2258 demonstret
658 2203 722 2265 Str..
744 2223 848 2257 versum
867 2202 974 2258 tabulae
992 2201 1150 2274 Regillensis
1171 2215 1290 2257 nostrum
1308 2221 1382 2258 rnen-

423 2288 500 2345 dacio
527 2288 670 2347 confictum
698 2310 755 2346 esse
782 2312 795 2346 e
819 2291 889 2344 Livii
916 2289 977 2345 loco
1004 2291 1037 2344 ab
1066 2287 1149 2345 Atilio
1176 2289 1381 2354 Fortunatiano,

423 2378 521 2451 quippe
547 2377 592 2452 qui
618 2398 745 2452 nusquam
773 2379 902 2448 ejusmodi
933 2377 1047 2433 tabulam
1080 2377 1237 2449 conspicere
1262 2379 1382 2452 potuerit

421 2485 447 2536 p.
460 2467 502 2519 32.
522 2466 671 2521 arbitratur.
698 2468 735 2521 At
749 2466 842 2540 quidni
857 2487 890 2522 ex
902 2467 1053 2540 antiquiore
1063 2477 1170 2520 auctore
1180 2465 1250 2520 illam
1261 2465 1382 2521 notitiam

421 2553 525 2608 haurire
543 2555 670 2625 poterat?
706 2553 790 2624 Quod
807 2575 872 2610 vero
886 2555 946 2621 Str.
964 2553 1081 2624 ejusdem
1101 2552 1164 2606 lidei
1181 2552 1381 2608 labefactandae

422 2660 498 2695 causa
516 2642 630 2712 profert:
657 2643 772 2697 Marium
795 2641 964 2697 Victorinum
982 2642 1015 2695 ab
1033 2640 1118 2695 Atilio
1145 2640 1289 2711 expilatam
1317 2661 1381 2705 esse,
1475 2647 1477 2652 ’

424 2749 449 2800 p.
463 2729 505 2788 47.
523 2729 682 2784 contrariam
700 2730 860 2784 sententiam
878 2732 994 2802 probent
1005 2728 1187 2783 Lachmannus
1201 2741 1229 2783 et
1239 2727 1382 2782 Sentenius

422 2817 470 2884 (ad
489 2817 551 2871 Ter.
572 2818 658 2872 Maur.
678 2838 704 2890 p.
721 2819 780 2873 352.
799 2814 864 2891 aq.).
900 2817 1022 2872 Ceterum
1042 2830 1070 2871 ut
1091 2817 1200 2889 antiqua
1220 2829 1309 2870 vatum
1327 2836 1383 2871 car·

420 2903 493 2958 mina
515 2925 530 2959 a
558 2903 634 2960 Livio
658 2926 822 2979 nequaquam
850 2919 969 2960 accurate
993 2904 1027 2958 ad
1049 2905 1161 2958 verbum
1186 2903 1291 2958 reddita
1313 2916 1382 2970 sunt,

421 3005 450 3047 ut
468 2993 502 3047 de
521 2991 677 3049 Cincinnati
695 2995 784 3049 tabule
802 2994 830 3047 id
849 2993 931 3067 ipsum
943 2993 996 3047 Str.
1016 2991 1140 3047 concedit
1157 3012 1183 3064 p.
1191 2993 1234 3053 23,
1253 2993 1289 3046 ita
1303 2993 1382 3046 etiam

421 3081 455 3136 de
473 3081 564 3136 tabula
582 3081 729 3152 Regillensi
747 3083 816 3137 idem
835 3083 1069 3136 statuendum'est.
1097 3079 1203 3150 Quodsi
1212 3080 1282 3133 Livii
1299 3080 1382 3134 verba

419 3189 476 3223 non
501 3190 590 3224 versus
617 3183 690 3234 sunt.
726 3171 776 3225 bac
804 3170 837 3226 de
861 3191 937 3225 causa
959 3169 1067 3223 minime
1093 3180 1184 3241 potest
1207 3167 1290 3222 Atilio
1315 3167 1381 3222 fides

420 3257 548 3328 derogari.

362 3343 400 3416 ²³)
418 3346 483 3401 Non
501 3359 541 3400 est
558 3366 675 3409 necesse,
693 3346 819 3418 scripturn
836 3346 928 3402 fuerit:
947 3345 1029 3408 fudit,
1046 3345 1159 3417 fugavit.
1177 3345 1336 3420 prostravit.
1354 3360 1383 3401 ut

419 3446 494 3506 putat
514 3434 620 3489 Streub.
639 3456 665 3507 p.
684 3435 726 3488 34.
761 3434 830 3487 Nem
849 3434 927 3488 etiam
946 3435 975 3487 iu
993 3433 1111 3506 Scipion.
1129 3433 1199 3488 titul.
1218 3436 1240 3488 l.
1258 3435 1381 3504 legimus:

421 3522 519 3592 subigit
537 3534 564 3576 et
581 3523 718 3583 abdoucit.
736 3521 782 3576 ubi
801 3522 1007 3593 exspectaveris·
1025 3521 1129 3588 subegit
1147 3533 1174 3575 et
1185 3519 1304 3575 abduxit.

363 3607 402 3679 ¹⁸)
421 3609 509 3664 Orelli
528 3610 581 3663 No.
599 3610 658 3664 539.
696 3610 930 3682 St1·euberp.4⁰.
953 3609 1024 3663 banc
1045 3608 1161 3662 tabulam
1185 3609 1273 3682 Appio
1293 3609 1382 3666 Caeco

419 3699 482 3754 rivo
500 3698 544 3751 vel
566 3699 612 3752 rix
634 3697 774 3753 demortuo
801 3699 924 3770 scriptam
948 3717 1017 3763 esse,
1050 3716 1081 3751 eo
1109 3712 1266 3767 argumento
1293 3711 1382 3768 negat.

420 3788 494 3861 quod
515 3786 648 3842 Arretium
672 3787 797 3860 oppidum
822 3807 855 3841 eo
878 3799 999 3858 tempore
1022 3784 1150 3841 Romanis
1173 3784 1270 3841 hostile
1292 3786 1381 3841 suerit.
1430 3834 1432 3837 .

419 3876 542 3930 Atetiam
561 3874 604 3930 bic
623 3888 699 3930 errat.
723 3875 792 3929 Nam
811 3887 951 3947 postquam
962 3876 1000 3928 M.
1012 3874 1133 3928 Valerius
1144 3874 1247 3928 Corvus
1257 3873 1382 3929 Dictator

418 3963 478 4016 301.
496 3983 519 4016 a.
540 3961 591 4016 Cb.
611 3963 796 4018 Arretinorum
813 3977 901 4019 motus
919 3962 1081 4036 compressit,
1100 3959 1149 4031 (cf.
1160 3964 1264 4034 Zumpt
1284 3962 1380 4016 Annei.

419 4063 485 4105 vett.
504 4052 588 4121 Regu.
607 4064 635 4105 et
653 4051 749 4123 Popul
767 4073 792 4124 p.
810 4051 869 4116 65.)
887 4073 910 4105 a.
927 4052 987 4106 283.
1005 4051 1071 4106 haec
1089 4052 1182 4106 civitas
1201 4049 1338 4106 foederata
1355 4064 1382 4106 et

419 4139 546 4193 Romanis
565 4137 691 4194 fidissima
709 4153 760 4203 est,
787 4139 825 4194 ita
842 4154 872 4194 ut
889 4140 923 4194 ab
941 4139 1060 4207 Etruscis
1079 4151 1106 4193 et
1125 4137 1210 4193 Gallis
1229 4139 1382 4193 Senonibus

420 4236 589 4299 oppugnetur
607 4225 727 4302 (Zumpt.
746 4228 763 4281 l.
779 4250 801 4283 c.
811 4249 837 4300 p.
856 4229 902 4294 673
920 4228 1000 4283 Nieb.
1019 4228 1089 4282 Hiat.
1108 4228 1185 4280 Rom.
1203 4224 1381 4299 111.p.499);

419 4327 446 4370 et
464 4328 558 4372 notum
577 4328 626 4382 est,
643 4317 736 4373 audito
746 4317 845 4387 Pyrrhi
863 4317 990 4380 adventu,
1007 4315 1144 4371 Romanos
1161 4314 1202 4368 ab.
1211 4334 1234 4369 a.
1242 4315 1302 4369 281.
1321 4334 1380 4370 cunr
