3400 5042
810 546 882 620 177

319 722 410 808 epice
433 720 573 807 fingendi
597 722 757 807 impetum
779 721 907 784 excitari
929 721 1087 807 potuisse,
1119 733 1188 786 tum
1210 722 1300 808 quod
1323 723 1376 785 ab·

319 825 452 887 surdum
476 835 574 900 esset,
607 824 631 886 si
655 824 725 909 quis
747 825 787 888 de
810 825 846 887 iis
869 824 1086 910 temporibus,
1118 824 1157 887 de
1186 825 1302 911 quibus
1324 847 1376 908 ge-

319 928 417 989 nuina
436 938 468 990 et
484 948 548 989 una
566 948 642 989 cum
654 927 751 989 rebus
768 927 864 1011 gestis
881 929 999 1013 scripta
1016 939 1229 990 monumenta
1248 927 1376 1012 publica

319 1029 506 1092 nuntiarent
538 1051 627 1106 vera,
669 1029 884 1093 contenderet
915 1029 1059 1113 earmina
1091 1028 1188 1093 luisse
1221 1028 1376 1092 historiae

319 1132 442 1207 fontes,
470 1131 524 1216 qui
548 1153 607 1217 per
628 1130 763 1194 liberam
785 1131 927 1217 fingendi
950 1130 1111 1194 licentiam
1133 1131 1229 1218 plane
1252 1132 1292 1193 ab
1316 1131 1376 1193 illis

319 1234 533 1300 discederent.
581 1235 624 1296 At
650 1234 806 1319 quoniam
835 1234 992 1320 pleraque
1019 1235 1135 1320 scripta
1163 1245 1377 1296 monumenta

320 1335 447 1398 Gallico
471 1335 620 1398 incendio
643 1347 835 1421 consumpta
864 1335 1034 1398 traduntur
1055 1359 1072 1398 a
1096 1336 1226 1414 Livio²)
1248 1334 1313 1398 hoc
1335 1336 1378 1398 al-

318 1448 425 1500 terum
454 1436 726 1522 impedimentum
755 1436 889 1501 tollitur.
939 1436 1052 1521 Quare
1074 1435 1193 1501 abhinc
1223 1436 1377 1513 carmina,

320 1539 441 1626 quippe
464 1560 546 1625 quae
569 1549 661 1602 antea
684 1538 724 1602 ab
747 1537 808 1601 illis
830 1560 897 1601 non
913 1539 1053 1601 multum
1072 1538 1223 1602 aberrare
1234 1551 1377 1626 possent,

320 1663 441 1703 novam
464 1640 606 1704 formam
628 1638 800 1703 Niebuhrii
823 1639 978 1725 opinione
1000 1652 1259 1726 assumpserunt,
1280 1652 1377 1727 atque

320 1742 438 1804 abhinc
465 1739 670 1827 plebeiorum
698 1740 826 1824 ingenio
855 1753 886 1804 et
913 1741 1036 1804 liberali
1065 1740 1261 1825 imaginandi
1288 1741 1377 1805 inve-

319 1843 495 1929 niendique
518 1841 668 1906 facultate
690 1853 755 1905 tam
780 1841 881 1906 multa
903 1841 1028 1921 tradita,
1049 1865 1132 1930 quae
1149 1866 1190 1907 ne
1208 1843 1376 1929 vestigium

321 1944 453 2031 quidem
476 1966 570 2007 verae
594 1943 747 2007 historiae
769 1942 937 2007 haberent.

404 2045 532 2108 'lamen
554 2043 619 2108 hoc
641 2069 682 2108 ne
706 2067 771 2108 uno
800 2044 1048 2132 quodammodo
1078 2046 1141 2108 ictu
1168 2045 1276 2108 subito
1303 2067 1378 2131 pro-

321 2157 473 2209 vocatum
496 2145 656 2223 videatur,
688 2170 705 2209 a
729 2145 856 2211 Gallico
883 2146 1033 2211 incendio
1061 2147 1224 2233 octoginta
1252 2147 1379 2211 circiter

320 2271 482 2312 annorum
506 2248 645 2334 spatium
668 2247 889 2324 constituitur,
921 2271 987 2335 quo
1010 2248 1050 2311 ad
1073 2248 1151 2312 illud
1179 2248 1377 2311 claritudinis

320 2349 483 2434 fastigium
512 2349 611 2412 medii
640 2349 742 2436 quinti
771 2349 887 2413 saeculi
913 2349 1021 2435 poesis
1048 2350 1201 2437 progredi
1227 2351 1378 2437 potuerit,

321 2473 422 2538 quum
449 2451 638 2538 praesertim
667 2451 719 2514 vix
746 2451 898 2514 breviore
931 2463 1081 2538 ternpore
1107 2463 1218 2538 posset
1244 2475 1376 2516 carmen

320 2554 360 2617 de
384 2551 526 2616 Camillo
549 2553 589 2616 ab
612 2551 703 2615 omni
727 2551 880 2616 historiae
903 2555 1035 2617 veritate
1057 2554 1231 2618 discedere.
1265 2555 1378 2618 Simile

269 2682 270 2686 ¹
321 2656 390 2719 lere
412 2666 482 2718 tum
505 2676 666 2718 annorum
688 2655 827 2740 spatium
855 2666 967 2734 restat,
999 2678 1065 2743 quo
1094 2655 1258 2742 usquead
1281 2657 1377 2720 Ennii

320 2767 459 2820 aetatem
479 2755 667 2820 decrescere
689 2767 721 2820 et
742 2756 774 2819 in
797 2756 999 2821 oblivionem
1021 2757 1143 2821 sensim
1166 2757 1252 2844 apud
1275 2779 1379 2843 popu-

321 2859 388 2921 lum
412 2857 501 2921 abire
522 2857 625 2941 possit
645 2857 734 2943 epica
756 2858 873 2943 poesis.

406 2963 449 3022 At
469 2981 549 3022 vero
571 2957 633 3022 hae
655 2959 804 3036 rationes,
827 2983 909 3046 quae
933 2983 971 3023 ex
992 2960 1061 3046 ipsa
1083 2983 1119 3023 re
1140 2972 1299 3024 vocentur
1319 2960 1378 3023 du·

322 3073 407 3138 ctae,
446 3060 537 3124 facile
570 3061 730 3141 ejusmodi
764 3063 891 3143 generis
924 3061 1056 3148 quidem
1090 3062 1146 3125 sed
1179 3062 1378 3126 firmioribus

321 3163 518 3249 argumentis
551 3161 732 3226 labefactari
764 3185 801 3226 ac
832 3161 936 3226 refelli
968 3174 999 3225 et
1028 3174 1165 3249 possunt
1191 3176 1222 3227 et
1249 3164 1379 3232 debent.

324 3265 469 3328 Primum
493 3263 580 3327 enim
602 3275 860 3327 consentaneum
883 3264 1003 3327 est'rix
1020 3265 1122 3328 ullum
1136 3265 1271 3352 reperiri
1282 3289 1379 3353 posse

321 3378 460 3453 ternpus,
481 3389 547 3453 quo
570 3366 679 3428 minus
701 3387 803 3452 prona
826 3365 951 3451 ingenia
965 3367 1192 3430 Rornanorum
1216 3391 1284 3430 esse
1306 3391 1380 3452 pos·

323 3478 394 3532 sent
414 3466 455 3532 ad
478 3466 569 3554 epice
592 3467 727 3530 canendi
751 3466 926 3529 sublimem
954 3467 1128 3553 impetum,
1161 3462 1260 3555 quarn
1287 3469 1379 3531 initio

323 3569 427 3655 quinti
453 3569 581 3632 saeculi.
631 3570 717 3632 Nam
745 3567 974 3653 posterladem
1002 3570 1159 3634 Gallicam
1188 3593 1239 3633 res
1266 3570 1380 3655 bellica

323 3670 506 3733 miserrime
527 3669 665 3749 jacebat,
686 3670 776 3732 domi
799 3671 909 3734 omnia
932 3671 1135 3735 miseriarum
1157 3673 1253 3758 plena
1275 3683 1381 3745 erant;

323 3771 417 3857 plebs
439 3794 522 3834 nexu
545 3781 576 3833 et
597 3793 672 3834 aere
694 3771 799 3836 alieno
822 3795 992 3859 oppressa,
1013 3774 1135 3860 patricii
1157 3774 1327 3860 argentarii
1349 3784 1382 3835 et

325 3873 560 3945 loeneratores;
595 3872 770 3936 acerrimae
794 3885 825 3936 et
847 3875 1021 3938 continuae
1049 3875 1090 3938 de
1117 3875 1255 3960 imperio
1278 3874 1381 3962 plebis

323 3996 398 4036 oum
420 3973 561 4059 patriciis
591 3975 816 4038 contentiones
839 3987 871 4038 et
893 3975 1087 4040 acerbissimi
1117 3978 1200 4039 inter
1225 3986 1381 4062 utrosque

375 4287 401 4359 ²)
419 4288 477 4345 nv.
498 4288 545 4356 vr,
564 4291 587 4345 ι.
