3400 5042
887 527 938 600 3⁰

461 703 644 770 Gradivum
666 702 763 790 igitur
775 701 955 791 etymologi
969 704 1111 769 Romani
1123 703 1391 792 autgrsdientem
1402 705 1437 770 in

378 831 495 896 pugna,
518 820 573 872 aut
588 807 734 894 gramine
745 816 865 883 ortum,
886 818 941 871 aut
961 792 1200 892 κραδαίνοντα
1224 807 1362 888 hastam,
1383 820 1439 873 aut

378 914 519 1000 denique
530 933 662 999 gravem
674 909 773 974 deum
784 909 1041 996 interpretati⁴¹),
1059 913 1100 976 ab
1119 935 1182 978 una
1193 923 1320 978 tantum
1332 911 1435 976 modo

376 1026 467 1101 parte
489 1014 596 1102 aliqua
616 1025 749 1099 tangere
771 1034 841 1076 rem
863 1011 1026 1092 videntur,
1047 1035 1149 1102 quum
1172 1037 1241 1080 non
1258 1039 1298 1080 ex
1315 1015 1437 1080 intimis

377 1117 467 1182 verbi
490 1116 651 1182 radicibus
679 1115 840 1203 originem
868 1117 936 1196 ejus
964 1115 1124 1188 duxerint.
1166 1119 1314 1184 Primum
1343 1119 1440 1206 igitur

377 1219 558 1286 Gradivum
580 1242 650 1285 esse
671 1219 770 1284 deum
792 1219 825 1281 in
845 1239 954 1305 pugna
970 1219 1181 1306 gradientem,
1202 1244 1285 1310 quae
1304 1222 1438 1310 quidem

378 1324 490 1410 opinio
513 1324 618 1388 obiter
640 1319 884 1409 inspicientibus
905 1344 976 1386 rem
998 1321 1151 1389 facillime
1178 1325 1438 1404 commendatur,

377 1450 417 1492 eo
440 1427 606 1505 refutatur,
628 1425 718 1515 quod
742 1423 897 1490 Umbrica
920 1423 1027 1511 lingua
1049 1424 1137 1491 idem
1156 1449 1341 1516 cognomen
1360 1431 1440 1493 Gra·

376 1535 444 1594 bovi
462 1529 527 1594 sive
543 1531 675 1615 Krapufi
696 1540 727 1592 ct
742 1525 839 1592 Marti
857 1537 889 1590 et
904 1526 982 1591 Jovi
1000 1527 1146 1592 additum
1163 1540 1211 1594 est
1222 1536 1272 1610 ⁴¹).
1310 1531 1439 1616 Quam-

377 1633 494 1697 obrem
517 1632 635 1696 melior
660 1631 742 1696 ratio
769 1628 832 1693 erit
858 1628 1035 1716 querenda.
1083 1633 1121 1695 ln
1149 1633 1256 1698 verbis
1282 1632 1439 1699 nimirum

375 1761 510 1816 gamen,
540 1760 680 1815 gramen,
710 1738 893 1814 permeliaco,
927 1758 1088 1811 germanus
1116 1757 1180 1800 una
1206 1734 1289 1801 latus
1315 1736 1439 1825 species

376 1838 514 1914 validae,
545 1837 730 1914 crescentis,
752 1835 885 1899 virentis
912 1835 1021 1922 stirpis
1048 1837 1246 1903 intuentibus
1268 1861 1302 1903 se
1324 1837 1433 1917 ollert,

377 1939 465 2005 unde
487 1951 519 2004 et
539 1941 673 2005 arbores
687 1941 800 2023 fruges
819 1963 927 2017 gerere
948 1949 980 2002 et
1000 1939 1143 2005 feminac
1157 1943 1265 2024 foetus
1277 1940 1437 2007 dicuntur.

379 2046 426 2108 lta
450 2045 569 2108 Cereris
591 2066 714 2108 nomen
727 2067 744 2107 a
756 2046 884 2108 meando
904 2045 1083 2122 (cereaudo)
1099 2044 1166 2108 sive
1181 2049 1312 2123 gerendo
1326 2044 1441 2126 fruges

379 2147 502 2211 dictum
525 2169 564 2210 eo
587 2146 699 2223 elucet,
721 2144 809 2233 quod
832 2143 1044 2210 etiamJanus
1065 2146 1207 2211 carmine
1220 2147 1331 2213 Saliari
1346 2150 1441 2212 Cema

377 2255 490 2316 Munus
518 2249 585 2313 sive
612 2263 732 2314 creator
757 2253 849 2312 bonus
875 2246 1074 2336 perhibetur.
1124 2247 1292 2335 Quoniam
1320 2249 1439 2314 deinde

378 2351 494 2417 hastile
515 2351 674 2433 ejusmodi
696 2351 841 2416 validum
869 2373 1004 2437 germen
1030 2373 1100 2415 esse
1131 2352 1320 2438 oportebat,
1351 2351 1440 2417 unde

378 2455 465 2542 apud
494 2455 659 2519 Romanas
695 2453 785 2519 hasta
813 2477 895 2542 pura
924 2454 991 2518 sive
1024 2453 1172 2519 donatica
1202 2460 1358 2535 grassiaco
1390 2466 1441 2519 est

378 2568 499 2636 vocata,
521 2559 683 2644 irrepente
706 2557 819 2621 bellica
842 2555 1072 2643 significatione
1094 2558 1127 2620 in
1147 2559 1285 2622 verbum
1304 2556 1439 2643 gerendi

378 2674 468 2726 ortae
491 2660 642 2725 videntur
662 2685 724 2725 rem
742 2686 848 2739 gerere
865 2664 953 2738 bello,
974 2686 1024 2725 res
1039 2675 1154 2739 gestae,
1176 2661 1299 2725 bellum
1316 2681 1439 2746 gerere,

379 2787 468 2828 arma
490 2786 610 2850 gerere.
654 2762 758 2827 Simili
781 2762 906 2827 ratione
929 2762 1054 2827 Graece
1075 2747 1190 2848 αραὸη
1216 2767 1350 2828 vo‘catur
1369 2785 1437 2849 ger·

378 2890 456 2931 men
482 2889 538 2931 seu
564 2888 674 2930 ramus
701 2877 863 2930 extremus
890 2865 945 2952 qui
973 2876 1071 2929 vento
1098 2864 1251 2930 facillime
1277 2877 1441 2946 movetur,

378 2969 465 3033 unde
488 2980 597 3033 ortum
619 2979 668 3032 est
685 2979 717 3032 et
732 2968 870 3032 verbum
887 2949 1033 3050 αρασῖα·
1051 2991 1108 3032 seu
1128 2956 1277 3052 γρααῖα
1295 2980 1327 3034 et
1347 2977 1442 3050 αρα-

378 3056 510 3128 rlulc‘cw
542 3070 582 3134 de
604 3069 693 3134 hasta
711 3072 794 3152 jactu
812 3068 936 3134 vibrata
949 3071 1071 3134 dictum
1083 3075 1135 3150 ⁴⁸).
1169 3076 1280 3158 ltaque
1297 3072 1440 3159 primam

378 3173 536 3261 syllabam
558 3172 700 3237 nominis
723 3171 860 3238 Gradivi
882 3172 959 3237 nibil
988 3171 1074 3237 aliud
1102 3170 1281 3259 significare
1311 3197 1441 3254 censeo,

422 3439 459 3511 ⁴¹)
481 3443 548 3499 Loci
566 3441 595 3496 in
612 3440 704 3497 lexicis
723 3440 800 3496 facile
821 3441 1002 3498 inveniuntur.

422 3527 461 3601 ⁴²)
483 3530 594 3605 Saepius
617 3530 758 3603 repetitum
781 3529 878 3602 legitur
899 3529 928 3584 in
952 3532 1006 3586 tab.
1030 3530 1097 3602 Eug.
1119 3529 1439 3603 1V.esV1.ap.Lsn2.

479 3619 556 3692 Sagg.
576 3618 602 3674 di
621 3619 683 3688 ling.
702 3620 805 3674 Etrusc.
823 3618 936 3675 Lassen:
954 3617 1077 3692 Boiis-age
1087 3639 1135 3674 aur
1143 3619 1271 3691 Deutung
1280 3618 1327 3674 der
1335 3618 1439 3691 Eugub.

479 3707 582 3764 Taleln.
608 3707 697 3762 Bonn.
726 3708 801 3763 1833.
821 3706 918 3762 Rhein.
943 3707 1067 3763 Murcum
1090 3709 1116 3772 l,
1132 3708 1158 3762 3.
1176 3729 1200 3781 p.
1225 3707 1284 3763 376.
1308 3705 1440 3780 syllabam

480 3795 537 3852 Gra
554 3809 626 3852 recte
644 3797 727 3851 refert
745 3797 780 3851 sd
797 3816 919 3868 gramem
946 3809 974 3851 st
995 3797 1075 3852 boris
1098 3797 1142 3852 vel
1163 3795 1238 3870 pulei
1259 3796 1326 3852 salac
1344 3816 1360 3851 a
1377 3796 1440 3851 sub·

480 3885 597 3941 stantivo
615 3885 663 3939 bos
682 3885 799 3949 derivet,
826 3898 911 3940 totmn
929 3885 1085 3959 epitheton:
1116 3885 1199 3940 boves
1216 3885 1290 3940 alens
1307 3884 1440 3958 interpres

478 3985 547 4028 tatus
566 3975 599 4029 ci.
617 3972 687 4028 infra
703 3987 760 4028 not.
777 3975 811 4028 43
829 3987 857 4029 et
873 3975 916 4028 44.

411 4059 447 4131 ⁴³)
482 4062 609 4133 Ejusdem
639 4062 727 4136 stirpis
755 4062 916 4117 Germanum
945 4063 1013 4117 Grss
1048 4082 1105 4117 esse
1132 4061 1245 4117 videtur.
1298 4061 1442 4117 Praeterea

480 4152 553 4224 quod
570 4151 681 4206 maxims
698 4146 868 4206 fluctuantem
891 4149 920 4203 in
937 4149 1118 4224 antiquissima
1142 4149 1230 4222 lingue
1248 4150 1345 4204 Latina
1362 4169 1442 4223 reps-

479 4241 559 4294 rimus
583 4240 788 4294 consonantium
810 4237 833 4293 C
852 4239 878 4293 G
897 4239 969 4309 etQ
994 4251 1022 4294 et
1044 4258 1139 4293 sonum
1163 4251 1190 4293 et
1214 4238 1388 4312 scriptionem
1409 4258 1443 4294 sc

473 4327 650 4401 promiscuum
659 4326 793 4382 literarum
811 4347 826 4382 e
844 4339 966 4384 elusum
983 4325 1175 4401 elisiousmque
1191 4324 1263 4418 bauti
1273 4344 1374 4393 rarum,
1391 4326 1441 4384 rix
