3400 5042
793 506 842 580 71

293 683 423 770 antiqua
444 681 699 771 reduplicationc
712 684 771 764 sa,
803 707 903 771 quam
931 684 1028 748 etiam
1048 684 1255 772 participium
1274 709 1348 774 per-

293 785 367 849 fecti
390 797 425 849 ut
445 785 479 850 in
493 783 618 850 Graeca
639 784 745 871 lingua
768 789 952 851 servaverit.
975 787 1103 852 Similes
1125 800 1199 852 sunt
1219 789 1347 854 formae

291 886 509 977 reduplicatae
530 889 563 952 in
586 889 807 953 monumentis
831 889 946 958 Oscis:
970 892 1120 974 sefacust.
1149 891 1230 955 Tab.
1253 892 1349 956 Bant.

293 997 349 1070 ll,
373 996 425 1068 17,
441 991 579 1072 sesacuh
611 1003 643 1055 et
668 993 804 1055 omnino
835 991 1126 1079 reduplicationem
1158 993 1245 1057 haud
1272 1016 1348 1057 raro

291 1090 471 1157 abhibitam
494 1093 528 1157 in
555 1095 684 1181 antiqua
711 1093 818 1181 lingua
840 1095 953 1159 Latina
983 1106 1116 1161 constat.
1137 1092 1207 1174 (Cf.
1230 1096 1347 1161 Struve

290 1195 382 1260 Decl.
405 1207 436 1259 et
458 1193 563 1283 Cong.
586 1198 621 1266 L.
643 1219 675 1284 p.
700 1199 785 1276 160.)

372 1303 548 1383 »Expectare
568 1300 601 1363 in
623 1299 733 1365 locum
754 1311 923 1386 patentem
944 1324 978 1366 se
1000 1302 1092 1380 dare,
1123 1300 1189 1364 sive
1216 1301 1249 1364 in
1276 1323 1348 1387 spa-

290 1400 376 1465 cium
402 1424 436 1466 se
464 1402 643 1469 conferre«
692 1401 792 1466 Paull.
820 1408 871 1468 80.
901 1402 944 1467 0.
971 1407 1083 1474 Muell.
1110 1403 1278 1472 annotavit
1305 1403 1346 1468 de

285 1518 407 1588 putare,
424 1520 544 1589 patere,
564 1509 683 1582 sedare,
704 1510 820 1582 sedere,
842 1510 969 1589 liquore,
991 1511 1105 1591 liquere
1126 1504 1252 1591 primae
1270 1528 1347 1569 con-

287 1606 458 1692 jugationis
480 1605 746 1693 significationem
767 1630 836 1671 esse
859 1607 1065 1685 causativum,
1086 1607 1263 1672 secundam
1284 1618 1346 1671 sta-

288 1720 359 1772 tum
381 1708 532 1773 indicare.
575 1709 726 1773 Eundem
754 1733 833 1774 vero
859 1711 958 1774 ritum
985 1709 1143 1775 Saliarem
1170 1709 1288 1775 indicat
1309 1733 1346 1774 ac

290 1810 387 1875 verba
408 1816 595 1891 exscendere,
618 1812 730 1893 effata,
753 1825 788 1876 ut
809 1836 907 1900 supra
928 1815 962 1878 in
984 1813 1167 1900 fragmento
1185 1811 1345 1878 habemus

288 1918 331 1977 od
346 1920 465 1999 patula.

371 2020 589 2102 »Expectorat,
617 2040 656 2080 ex
676 2029 808 2104 pectore
830 2017 940 2098 ejicit«
962 2018 1062 2083 Paull.
1073 2040 1105 2104 p.
1117 2022 1167 2083 80.
1180 2018 1220 2085 cf.
1232 2017 1345 2082 Muell.

288 2130 358 2195 n0t;
381 2119 469 2183 idem
491 2119 580 2206 quod
602 2136 756 2184 exenterat
773 2120 814 2184 cl.
831 2144 860 2185 v.
879 2127 984 2200 exeret,
1004 2139 1140 2205 exprern,
1162 2127 1323 2204 excipunm.

371 2226 560 2308 »Explenunt
582 2221 743 2308 explent«
766 2222 867 2287 Paull.
890 2247 922 2309 p.
944 2231 993 2290 80.
1015 2225 1058 2287 id.
1080 2247 1111 2310 p.
1134 2229 1187 2289 68:
1210 2231 1345 2289 aduerunt

288 2325 390 2402 dant«
406 2325 461 2387 ubi
473 2323 586 2390 Muell.
599 2337 767 2413 comparat
779 2325 943 2390 Graecum
954 2311 1136 2383 ῖῑθίσανϊι
1147 2338 1179 2390 et
1189 2312 1343 2384 videaur.

289 2426 331 2490 cl.
359 2425 446 2490 Non.
472 2449 505 2513 p.
532 2433 583 2505 07,
611 2434 649 2492 14
671 2427 703 2492 h.
730 2453 759 2491 v.
789 2428 841 2492 Sic
869 2429 953 2492 Fest.
979 2453 1011 2515 p.
1040 2435 1116 2492 162:
1150 2433 1345 2512 »Nequi'nont

286 2551 347 2614 pro
370 2540 546 2616 nequeunt,
568 2541 604 2593 ut
623 2535 766 2608 solinunt,
780 2531 932 2612 ferinunt,
959 2554 1020 2618 pro
1042 2531 1149 2595 solent
1170 2542 1202 2593 et
1223 2530 1344 2594 feriunt

286 2631 437 2695 dicebant
461 2638 603 2717 antiqui«
649 2633 891 2720 Pereprus:
923 2639 1115 2718 prodinunt,
1146 2633 1343 2720 prodeunt.u

243 2743 248 2750 '
285 2733 395 2798 Minus
416 2745 503 2798 recta
524 2735 652 2800 videtur
669 2736 818 2800 Muelleri
841 2737 1055 2822 comparatio;
1076 2759 1153 2801 nam
1164 2736 1342 2801 utaverbo

281 2841 350 2921 plen
373 2835 566 2917 adjectivum
585 2844 708 2922 plenus,
741 2841 781 2902 ab
804 2838 869 2904 hoc
889 2862 1014 2903 novum
1036 2840 1173 2905 verbum
1194 2842 1342 2922 (eu)·ple-

284 2939 373 3016 ruunt,
406 2939 450 3004 sic
472 2940 569 3005 etiam
591 2948 770 3026 nequinont,
793 2943 951 3023 ferinunt,
971 2947 1119 3019 soIc'nunt,
1140 2946 1340 3027 prodinunta

285 3069 408 3128 nequeo,
421 3043 519 3123 serio,
540 3050 633 3122 soleo,
651 3051 764 3130 prodeo
786 3068 846 3131 per
861 3045 1095 3126 adjectivorum
1111 3044 1343 3109 formationem

229 3185 235 3196 ·
283 3171 337 3210 nus
359 3145 532 3210 derivanda
553 3146 712 3212 videntur.
735 3146 885 3212 Ctpon.
907 3147 1051 3235 Etymol.
1071 3145 1205 3212 Forsch.
1227 3149 1251 3225 l,
1272 3152 1343 3222 275,

284 3250 325 3327 ll,
347 3255 417 3315 570.
459 3249 592 3336 Spectat
611 3273 691 3314 vero
712 3256 871 3337 explenunt
891 3250 933 3315 ad
955 3273 1043 3315 sacra
1065 3273 1149 3329 vasa,
1169 3254 1343 3324 anclabrin3

284 3353 484 3416 contrarium
504 3359 673 3418 exanclare.

367 3457 519 3540 »Explere
548 3457 698 3543 antiquos
727 3479 788 3543 pro
815 3461 986 3521 exclamare
1012 3478 1105 3534 usos,
1142 3454 1200 3518 sed
1226 3465 1341 3541 postea

282 3556 469 3643 prospicere
487 3570 519 3622 et
534 3571 659 3623 certum
671 3581 867 3643 cognoscere
884 3558 993 3646 coepit
1007 3557 1194 3645 significare.
1226 3559 1340 3645 Itaque

283 3656 466 3742 speculator
491 3658 620 3725 hostilia
651 3661 775 3726 silentia
807 3661 972 3749 perspicit,
1011 3663 1197 3748 explorator
1227 3672 1341 3746 pacata

283 3758 427 3824 clamore
448 3763 643 3847 cognoscit«
677 3764 779 3829 Paull.
799 3787 833 3850 p.
856 3771 906 3832 79.
928 3763 969 3828 cf.
992 3787 1021 3832 v.
1043 3769 1238 3850 endoplornto
1260 3762 1338 3828 ibid.

282 3883 314 3947 p.
337 3867 386 3927 77.
408 3873 441 3927 et
461 3864 547 3928 Fest.
568 3888 601 3953 p.
623 3871 697 3932 23οι
723 3871 873 3933 »Ρὶονανε
895 3865 1058 3953 ...apud
1080 3872 1220 3953 antiquos
1240 3864 1338 3954 plane

282 3962 458 4030 inclamare
479 3965 513 4030 in
533 3967 616 4053 regis
632 3969 766 4034 Romuli
788 3980 820 4034 et
837 3969 921 4034 Tatii
943 3969 1068 4056 legibus
1087 3981 1141 4035 ctt.
1153 4019 1161 4038 .
1173 4018 1181 4034 .
1193 3988 1231 4047 .,«
1251 3968 1338 4032 unde

283 4065 380 4131 etiarn
391 4067 425 4132 in
437 4066 611 4134 duodecim
622 4069 747 4136 tabulas
757 4094 906 4136 manasse
917 4071 1052 4136 videtur.
1086 4071 1235 4157 Quadrat
1244 4071 1341 4155 igitur

282 4170 420 4235 verbum
441 4169 483 4236 ad
505 4170 671 4238 Saliorum
691 4173 918 4261 augurationes
939 4185 972 4240 et
991 4173 1245 4262 indigitamenta.
