3400 5042
838 775 890 851 X.

335 951 393 1033 m
420 945 788 1054 rurummusus
827 941 1145 1043 struuntur
1176 889 1394 1033 ramirus
1471 982 1475 990 ·

748 1085 970 1170 ruricus.

914 1263 973 1302 rosta
985 1259 1089 1298 romarus
1102 1257 1157 1298 lutet
1170 1260 1260 1300 constet·
1271 1261 1335 1311 nttss,

914 1333 969 1373 Inter
980 1329 1086 1376 taurinus
1097 1337 1157 1379 quau
1170 1338 1236 1370 sones
1248 1331 1287 1372 ms
1298 1343 1367 1385 equos.

443 1383 455 1421 '
1011 1455 1013 1457 ι
1036 1400 1139 1440 maus
1152 1400 1290 1444 ausuum

416 1555 465 1616 De
488 1554 671 1617 carminum
698 1549 945 1637 triumphalium
968 1549 998 1612 vi
1021 1560 1117 1637 atque
1144 1551 1267 1617 ambitu
1289 1566 1325 1619 ut
1343 1557 1391 1636 ju.

331 1656 464 1731 dicetur,
485 1654 629 1740 primum
653 1653 851 1739 scriptorum
873 1652 935 1715 Ioci
958 1652 990 1714 in
1008 1651 1127 1738 quibus
1144 1653 1190 1715 rei
1209 1656 1308 1720 cardo
1319 1681 1390 1722 ver-

330 1759 407 1820 titur
439 1755 681 1842 introspiciendi
715 1758 837 1832 sunt¹).
891 1753 1004 1816 Tradit
1034 1753 1178 1840 primum
1210 1756 1321 1821 Livius
1348 1760 1388 1824 dc

330 1857 513 1924 Cincinnati
542 1856 730 1943 triumpho:
764 1853 909 1941 »Epulas
937 1854 1109 1918 instructae
1136 1853 1288 1935 dicuntur
1313 1873 1388 1927 ante

215 2024 217 2029 .
330 1961 478 2026 omniurn
511 1960 646 2023 domos:
680 1957 915 2044 epulantesque
946 1979 1022 2018 cum
1055 1963 1185 2020 carmine
1216 1966 1393 2046 triumphali

329 2077 361 2128 et
386 2067 564 2128 solemnibus
581 2065 666 2143 jocis
692 2059 973 2123 commissantium
1001 2080 1094 2122 more
1126 2082 1258 2125 currum
1287 2065 1387 2129 secuti

327 2178 432 2240 sunt;“
464 2165 505 2229 de
529 2161 671 2227 Camillo
693 2159 914 2246 triumphante
936 2160 1025 2224 idem
1047 2159 1127 2224 haec
1148 2160 1248 2226 habet
1269 2167 1385 2231 verba:

325 2269 505 2344 »Dictatom
535 2275 721 2351 recuperata
745 2287 784 2326 ex
805 2263 952 2326 hostibus
974 2263 1094 2349 patria,
1120 2262 1326 2352 triumphans
1352 2266 1386 2332 in

326 2370 442 2434 urbem
469 2368 571 2432 redit:
610 2367 759 2452 interque
783 2368 872 2446 jocos
899 2371 1060 2442 militares,
1092 2387 1174 2452 quos
1200 2367 1385 2434 inconditos

324 2472 460 2553 jaciunt,
486 2475 630 2544 Romulus
652 2491 688 2531 ac
706 2492 818 2551 parcns
842 2473 966 2551 patrius
987 2473 1181 2553 conditorque
1202 2475 1283 2534 alter
1303 2476 1384 2535 urbis

323 2573 410 2637 haud
432 2574 523 2636 vanis
544 2575 682 2636 laudibus
703 2568 913 2656 appellatum«
945 2571 1035 2634 Alius
1058 2581 1106 2633 est
1127 2569 1208 2634 Livii
1230 2572 1320 2635 Iocus
1342 2573 1384 2637 de

325 2676 475 2739 ovatione
499 2672 546 2738 C.
562 2673 681 2736 Valerii
710 2671 807 2735 Potiti
834 2671 974 2735 consulis
996 2672 1037 2734 ita
1064 2671 1219 2757 scriptus:
1252 2675 1382 2761 “Itaque

323 2801 425 2865 quum
449 2802 487 2841 ex
509 2787 638 2840 senatus
661 2775 807 2838 consulto
831 2776 948 2839 urbem
965 2797 1065 2838 ovans
1077 2775 1234 2852 introiret,
1256 2782 1383 2842 alterno

322 2886 467 2945 ztzroudr'ti
496 2906 598 2943 oet-sus
630 2877 759 2941 militari
791 2878 919 2942 licentia
950 2877 1074 2959 jactati:
1119 2877 1236 2964 quibus
1268 2879 1382 2943 consul

321 2984 506 3070 increpitus,
527 2981 648 3046 Maenii
671 2979 797 3044 celebre
819 3004 943 3044 nomen
965 2985 1103 3044 laudibus
1124 2981 1194 3056 fuit,
1216 3004 1319 3067 quum
1340 2982 1381 3046 ad

322 3109 456 3149 omnem
482 3083 687 3148 mentionem
719 3084 840 3148 tribuni
873 3084 968 3146 Iavor
998 3082 1235 3147 circumstantis
1266 3086 1381 3172 populi

300 3189 499 3276 'plausuque
522 3200 554 3252 et
575 3210 705 3251 assensu
728 3211 803 3251 cum
825 3193 943 3252 vocibus
964 3193 1088 3251 mr'litmn
1109 3200 1265 3252 certaret«
1278 3192 1318 3275 ²).

321 3381 530 3390 ——-.-..

379 3476 403 3546 ¹)
422 3479 498 3533 Duae
517 3477 756 3535 commentationes
771 3499 834 3550 quas
844 3477 974 3533 Baehrius
986 3479 1099 3533 notavit
1113 3479 1184 3533 Hisu
1198 3481 1260 3535 Litt.
1275 3481 1379 3536 Romm.

421 3569 442 3634 I,
460 3590 487 3641 p.
506 3569 555 3621 102
574 3581 630 3623 not.
640 3568 664 3621 6.
675 3569 716 3622 ed.
726 3569 750 3622 3.
761 3569 790 3621 iu
807 3588 900 3622 manus
919 3567 984 3621 mihi
1002 3589 1060 3622 non
1077 3582 1220 3623 venerunt:
1238 3570 1333 3632 Nadal,
1343 3571 1378 3625 de

421 3657 446 3710 la
461 3656 556 3711 Iiberta
571 3658 615 3710 des
629 3658 743 3712 soldates
756 3656 882 3711 Romains
900 3670 994 3712 contre
1004 3678 1079 3721 ceux,
1098 3657 1377 3730 quitriomphenteto.
1415 3692 1417 3694 ·

420 3746 503 3798 Mem.
523 3746 557 3799 dc
575 3744 676 3800 I’Acad.
699 3746 724 3798 d.
748 3747 830 3799 Inscr.
855 3747 888 3799 T.
911 3747 957 3810 III,
979 3767 1006 3818 p.
1027 3746 1071 3800 96.
1092 3759 1131 3801 et:
1159 3745 1259 3800 Versus
1281 3746 1386 3802 Iudicri‘

420 3835 450 3887 in·
470 3837 651 3890 Romanorum
680 3835 804 3891 Caesares
829 3837 932 3908 priores
959 3836 1022 3892 oIim
1048 3835 1197 3908 compositi.
1221 3835 1262 3888 ed.
1287 3835 1322 3889 G.
1340 3836 1377 3888 Η.

418 3923 570 3980 Bernstein.
595 3922 687 3992 (HaIis
713 3925 828 3993 Saxon.)
853 3928 928 3981 1810.
947 3928 1010 3999 Egit
1027 3927 1061 3981 de
1079 3925 1119 3979 his
1137 3925 1258 3979 versibus
1276 3922 1376 3978 ZeIIius

419 4032 496 4067 carm.
515 4013 635 4086 popular.
655 4016 732 4068 Rom.
752 4015 839 4087 script.
858 4016 958 4069 Feriar.
976 4017 1009 4069 II.
1027 4037 1054 4088 p.
1073 4015 1131 4068 lot.

375 4100 400 4170 ²)
420 4101 519 4156 Eadem
539 4101 582 4156 alii
600 4120 658 4156 non
676 4103 752 4175 pauci
770 4103 823 4158 Ioci
841 4104 974 4158 indicant:
992 4104 1051 4157 Liv.
1063 4103 1126 4166 VII,
1145 4103 1189 4169 103
1207 4101 1374 4166 id:V11,38.

417 4190 454 4244 td.
465 4192 498 4255 X,
508 4191 549 4245 3⁰.
568 4193 696 4258 XXVIII,
706 4195 731 4248 9.
750 4197 798 4266 IV,
808 4199 849 4250 20.
860 4199 995 4264 XXXIX,
1005 4201 1035 4267 73
1052 4199 1166 4267 Dionys.
1178 4196 1208 4249 Α.
1219 4195 1251 4249 R.
1262 4193 1323 4260 VII,
1332 4193 1374 4248 72

417 4279 453 4333 id.
472 4278 547 4347 VIII,
564 4281 607 4336 86.
626 4282 698 4336 PIin.
717 4285 753 4338 H.
764 4285 798 4340 N.
817 4286 892 4353 XIX,
909 4288 951 4340 41.
