<?xml version="1.0" encoding="UTF-8"?>
<!DOCTYPE html PUBLIC "-//W3C//DTD XHTML 1.0 Transitional//EN"
    "http://www.w3.org/TR/xhtml1/DTD/xhtml1-transitional.dtd">
<html xmlns="http://www.w3.org/1999/xhtml" xml:lang="en" lang="en">
 <head>
  <title>
</title>
<meta http-equiv="Content-Type" content="text/html;charset=utf-8" />
  <meta name='ocr-system' content='tesseract 3.04.00' />
  <meta name='ocr-capabilities' content='ocr_page ocr_carea ocr_par ocr_line ocrx_word'/>
</head>
<body>
  <div class='ocr_page' id='page_1' title='image "./originespoesisr00corsgoog/originespoesisr00corsgoog_0197.png"; bbox 0 0 3400 5042; ppageno 0'>
   <div class='ocr_carea' id='block_1_1' title="bbox 815 541 888 612">
    <p class='ocr_par' dir='ltr' id='par_1_1' title="bbox 815 541 888 612">
     <span class='ocr_line' id='line_1_1' title="bbox 815 541 888 612; baseline 0 0"><span class='ocrx_word' id='word_1_1' title='bbox 815 541 888 612; x_wconf 75' lang='lat'>189</span> 
     </span>
    </p>
   </div>
   <div class='ocr_carea' id='block_1_2' title="bbox 321 717 1379 1011">
    <p class='ocr_par' dir='ltr' id='par_1_2' title="bbox 321 717 1379 1011">
     <span class='ocr_line' id='line_1_2' title="bbox 323 717 1379 806; baseline -0.002 -21"><span class='ocrx_word' id='word_1_2' title='bbox 323 722 446 785; x_wconf 89' lang='lat' dir='ltr'>deatur.</span> <span class='ocrx_word' id='word_1_3' title='bbox 475 719 575 804; x_wconf 79' lang='lat' dir='ltr'>Quod</span> <span class='ocrx_word' id='word_1_4' title='bbox 595 719 649 806; x_wconf 91' lang='lat' dir='ltr'>qui</span> <span class='ocrx_word' id='word_1_5' title='bbox 667 717 785 795; x_wconf 86' lang='lat' dir='ltr'>lecerit,</span> <span class='ocrx_word' id='word_1_6' title='bbox 803 739 994 803; x_wconf 86' lang='lat' dir='ltr'>persuasum</span> <span class='ocrx_word' id='word_1_7' title='bbox 1006 738 1083 781; x_wconf 90' lang='lat' dir='ltr'>sane</span> <span class='ocrx_word' id='word_1_8' title='bbox 1099 717 1233 782; x_wconf 89' lang='lat' dir='ltr'>babebit</span> <span class='ocrx_word' id='word_1_9' title='bbox 1244 719 1379 783; x_wconf 89' lang='lat' dir='ltr'>minime</span> 
     </span>
     <span class='ocr_line' id='line_1_3' title="bbox 321 819 826 905; baseline -0.006 -19"><span class='ocrx_word' id='word_1_10' title='bbox 321 823 404 887; x_wconf 77' lang='lat' dir='ltr'>hanc</span> <span class='ocrx_word' id='word_1_11' title='bbox 426 823 458 885; x_wconf 92' lang='lat' dir='ltr'>in</span> <span class='ocrx_word' id='word_1_12' title='bbox 480 823 622 886; x_wconf 88' lang='lat' dir='ltr'>carmine</span> <span class='ocrx_word' id='word_1_13' title='bbox 645 821 738 905; x_wconf 92' lang='lat' dir='ltr'>epico</span> <span class='ocrx_word' id='word_1_14' title='bbox 760 819 826 883; x_wconf 90' lang='lat' dir='ltr'>niti.</span> 
     </span>
     <span class='ocr_line' id='line_1_4' title="bbox 406 921 1378 1011; baseline -0.001 -23"><span class='ocrx_word' id='word_1_15' title='bbox 406 927 493 1011; x_wconf 80' lang='lat' dir='ltr'>Ergo</span> <span class='ocrx_word' id='word_1_16' title='bbox 522 947 588 987; x_wconf 90' lang='lat' dir='ltr'>non</span> <span class='ocrx_word' id='word_1_17' title='bbox 618 935 692 986; x_wconf 89' lang='lat' dir='ltr'>sunt</span> <span class='ocrx_word' id='word_1_18' title='bbox 721 921 848 985; x_wconf 79' lang='lat' dir='ltr'>fabulae</span> <span class='ocrx_word' id='word_1_19' title='bbox 878 921 1030 985; x_wconf 78' lang='lat' dir='ltr'>historiae</span> <span class='ocrx_word' id='word_1_20' title='bbox 1061 923 1230 986; x_wconf 79' lang='lat' dir='ltr'>Romanae</span> <span class='ocrx_word' id='word_1_21' title='bbox 1257 923 1378 987; x_wconf 91' lang='lat' dir='ltr'>liberali</span> 
     </span>
    </p>
   </div>
   <div class='ocr_carea' id='block_1_3' title="bbox 321 1022 1484 1115">
    <p class='ocr_par' dir='ltr' id='par_1_3' title="bbox 321 1022 1484 1115">
     <span class='ocr_line' id='line_1_5' title="bbox 321 1022 1484 1115; baseline -0.002 -25"><span class='ocrx_word' id='word_1_22' title='bbox 321 1041 492 1115; x_wconf 85' lang='lat' dir='ltr'>poetarum</span> <span class='ocrx_word' id='word_1_23' title='bbox 514 1024 712 1110; x_wconf 86' lang='lat' dir='ltr'>imaginandi</span> <span class='ocrx_word' id='word_1_24' title='bbox 734 1025 763 1086; x_wconf 92' lang='lat' dir='ltr'>vi</span> <span class='ocrx_word' id='word_1_25' title='bbox 785 1025 928 1099; x_wconf 90' lang='lat' dir='ltr'>inventa,</span> <span class='ocrx_word' id='word_1_26' title='bbox 950 1022 1007 1087; x_wconf 90' lang='lat' dir='ltr'>sed</span> <span class='ocrx_word' id='word_1_27' title='bbox 1029 1036 1161 1110; x_wconf 87' lang='lat' dir='ltr'>angusta</span> <span class='ocrx_word' id='word_1_28' title='bbox 1183 1026 1381 1112; x_wconf 85' lang='lat' dir='ltr'>superstitio·</span> <span class='ocrx_word' id='word_1_29' title='bbox 1480 1100 1484 1105; x_wconf 34' lang='grc'><strong>,</strong></span> 
     </span>
    </p>
   </div>
   <div class='ocr_carea' id='block_1_4' title="bbox 266 1125 1384 2010">
    <p class='ocr_par' dir='ltr' id='par_1_4' title="bbox 323 1125 1381 1319">
     <span class='ocr_line' id='line_1_6' title="bbox 323 1125 1381 1217; baseline -0.003 -23"><span class='ocrx_word' id='word_1_30' title='bbox 323 1154 423 1217; x_wconf 83' lang='lat' dir='ltr'>saque</span> <span class='ocrx_word' id='word_1_31' title='bbox 445 1127 653 1192; x_wconf 71' lang='lat' dir='ltr'><strong>sacerdotum</strong></span> <span class='ocrx_word' id='word_1_32' title='bbox 676 1125 832 1210; x_wconf 76' lang='lat' dir='ltr'>religione</span> <span class='ocrx_word' id='word_1_33' title='bbox 855 1150 872 1189; x_wconf 94' lang='lat' dir='ltr'>e</span> <span class='ocrx_word' id='word_1_34' title='bbox 894 1126 993 1189; x_wconf 87' lang='lat' dir='ltr'>sacris</span> <span class='ocrx_word' id='word_1_35' title='bbox 1021 1126 1110 1190; x_wconf 92' lang='lat' dir='ltr'>libris</span> <span class='ocrx_word' id='word_1_36' title='bbox 1137 1128 1289 1213; x_wconf 86' lang='lat' dir='ltr'>repetita,</span> <span class='ocrx_word' id='word_1_37' title='bbox 1320 1151 1381 1191; x_wconf 91' lang='lat' dir='ltr'>nec</span> 
     </span>
     <span class='ocr_line' id='line_1_7' title="bbox 323 1228 1012 1319; baseline -0.007 -24"><span class='ocrx_word' id='word_1_38' title='bbox 323 1246 371 1296; x_wconf 84' lang='lat' dir='ltr'>est</span> <span class='ocrx_word' id='word_1_39' title='bbox 394 1231 519 1319; x_wconf 89' lang='lat' dir='ltr'>poetica</span> <span class='ocrx_word' id='word_1_40' title='bbox 541 1229 597 1292; x_wconf 88' lang='lat' dir='ltr'>sed</span> <span class='ocrx_word' id='word_1_41' title='bbox 620 1228 768 1314; x_wconf 85' lang='lat' dir='ltr'>religiosa</span> <span class='ocrx_word' id='word_1_42' title='bbox 790 1229 913 1314; x_wconf 84' lang='lat' dir='ltr'>species</span> <span class='ocrx_word' id='word_1_43' title='bbox 936 1229 1012 1307; x_wconf 88' lang='lat' dir='ltr'>ejus.</span> 
     </span>
    </p>

    <p class='ocr_par' dir='ltr' id='par_1_5' title="bbox 266 1329 1384 2010">
     <span class='ocr_line' id='line_1_8' title="bbox 408 1329 1382 1416; baseline -0.003 -19"><span class='ocrx_word' id='word_1_44' title='bbox 408 1335 537 1397; x_wconf 75' lang='lat' dir='ltr'>Praeter</span> <span class='ocrx_word' id='word_1_45' title='bbox 564 1330 629 1394; x_wconf 87' lang='lat' dir='ltr'>boc</span> <span class='ocrx_word' id='word_1_46' title='bbox 656 1353 732 1394; x_wconf 89' lang='lat' dir='ltr'>vero</span> <span class='ocrx_word' id='word_1_47' title='bbox 761 1330 945 1395; x_wconf 82' lang='lat' dir='ltr'>fabularum</span> <span class='ocrx_word' id='word_1_48' title='bbox 977 1351 1078 1416; x_wconf 86' lang='lat' dir='ltr'>genus</span> <span class='ocrx_word' id='word_1_49' title='bbox 1109 1329 1235 1394; x_wconf 86' lang='lat' dir='ltr'>ratione</span> <span class='ocrx_word' id='word_1_50' title='bbox 1263 1330 1382 1410; x_wconf 88' lang='lat' dir='ltr'>habits,</span> 
     </span>
     <span class='ocr_line' id='line_1_9' title="bbox 324 1431 1382 1522; baseline -0.002 -23"><span class='ocrx_word' id='word_1_51' title='bbox 324 1447 482 1522; x_wconf 87' lang='lat' dir='ltr'>quantum</span> <span class='ocrx_word' id='word_1_52' title='bbox 511 1434 738 1497; x_wconf 84' lang='lat' dir='ltr'>Romanorum</span> <span class='ocrx_word' id='word_1_53' title='bbox 766 1431 930 1496; x_wconf 72' lang='lat' dir='ltr'>umbratili</span> <span class='ocrx_word' id='word_1_54' title='bbox 963 1433 1114 1518; x_wconf 85' lang='lat' dir='ltr'>superbie</span> <span class='ocrx_word' id='word_1_55' title='bbox 1146 1432 1382 1520; x_wconf 90' lang='lat' dir='ltr'>dedecorisque</span> 
     </span>
     <span class='ocr_line' id='line_1_10' title="bbox 324 1532 1384 1623; baseline -0.002 -23"><span class='ocrx_word' id='word_1_56' title='bbox 324 1536 453 1623; x_wconf 87' lang='lat' dir='ltr'>tegendi</span> <span class='ocrx_word' id='word_1_57' title='bbox 476 1534 592 1612; x_wconf 90' lang='lat' dir='ltr'>studio,</span> <span class='ocrx_word' id='word_1_58' title='bbox 613 1532 810 1598; x_wconf 81' lang='lat' dir='ltr'>familiarum</span> <span class='ocrx_word' id='word_1_59' title='bbox 827 1533 1020 1618; x_wconf 72' lang='lat' dir='ltr'>arrogantia,</span> <span class='ocrx_word' id='word_1_60' title='bbox 1041 1532 1233 1619; x_wconf 84' lang='lat' dir='ltr'>pontificum</span> <span class='ocrx_word' id='word_1_61' title='bbox 1250 1533 1283 1597; x_wconf 92' lang='lat' dir='ltr'>in</span> <span class='ocrx_word' id='word_1_62' title='bbox 1294 1557 1384 1598; x_wconf 86' lang='lat' dir='ltr'>com·</span> 
     </span>
     <span class='ocr_line' id='line_1_11' title="bbox 325 1634 1383 1724; baseline -0.002 -22"><span class='ocrx_word' id='word_1_63' title='bbox 325 1639 463 1702; x_wconf 89' lang='lat' dir='ltr'>modum</span> <span class='ocrx_word' id='word_1_64' title='bbox 490 1638 700 1724; x_wconf 80' lang='lat' dir='ltr'>patriciorum</span> <span class='ocrx_word' id='word_1_65' title='bbox 728 1634 993 1721; x_wconf 81' lang='lat' dir='ltr'>corruptionibus</span> <span class='ocrx_word' id='word_1_66' title='bbox 1020 1635 1125 1698; x_wconf 88' lang='lat' dir='ltr'>lucata</span> <span class='ocrx_word' id='word_1_67' title='bbox 1157 1639 1196 1698; x_wconf 91' lang='lat' dir='ltr'>sit</span> <span class='ocrx_word' id='word_1_68' title='bbox 1222 1637 1383 1700; x_wconf 89' lang='lat' dir='ltr'>memoris</span> 
     </span>
     <span class='ocr_line' id='line_1_12' title="bbox 327 1737 1384 1826; baseline -0.001 -22"><span class='ocrx_word' id='word_1_69' title='bbox 327 1741 480 1806; x_wconf 79' lang='lat' dir='ltr'>historiae</span> <span class='ocrx_word' id='word_1_70' title='bbox 499 1740 677 1810; x_wconf 81' lang='lat' dir='ltr'>Romanae,</span> <span class='ocrx_word' id='word_1_71' title='bbox 698 1738 772 1800; x_wconf 88' lang='lat' dir='ltr'>satis</span> <span class='ocrx_word' id='word_1_72' title='bbox 790 1759 952 1824; x_wconf 85' lang='lat' dir='ltr'>superque</span> <span class='ocrx_word' id='word_1_73' title='bbox 970 1737 1160 1813; x_wconf 86' lang='lat' dir='ltr'>declaratur,</span> <span class='ocrx_word' id='word_1_74' title='bbox 1183 1739 1268 1802; x_wconf 91' lang='lat' dir='ltr'>unde</span> <span class='ocrx_word' id='word_1_75' title='bbox 1286 1761 1384 1826; x_wconf 86' lang='lat' dir='ltr'>quae·</span> 
     </span>
     <span class='ocr_line' id='line_1_13' title="bbox 266 1837 1383 1930; baseline -0.003 -23"><span class='ocrx_word' id='word_1_76' title='bbox 266 1858 269 1867; x_wconf 85' lang='lat'>&#39;</span> <span class='ocrx_word' id='word_1_77' title='bbox 326 1866 455 1930; x_wconf 90' lang='lat' dir='ltr'>cunque</span> <span class='ocrx_word' id='word_1_78' title='bbox 489 1842 637 1904; x_wconf 88' lang='lat' dir='ltr'>inventae</span> <span class='ocrx_word' id='word_1_79' title='bbox 670 1841 733 1903; x_wconf 88' lang='lat' dir='ltr'>sint</span> <span class='ocrx_word' id='word_1_80' title='bbox 765 1837 996 1924; x_wconf 77' lang='lat' dir='ltr'>repugnantiae</span> <span class='ocrx_word' id='word_1_81' title='bbox 1028 1849 1061 1901; x_wconf 89' lang='lat' dir='ltr'>et</span> <span class='ocrx_word' id='word_1_82' title='bbox 1092 1838 1219 1904; x_wconf 76' lang='lat' dir='ltr'>subulae</span> <span class='ocrx_word' id='word_1_83' title='bbox 1251 1842 1283 1904; x_wconf 92' lang='lat' dir='ltr'>in</span> <span class='ocrx_word' id='word_1_84' title='bbox 1311 1863 1383 1905; x_wconf 86' lang='lat' dir='ltr'>esm</span> 
     </span>
     <span class='ocr_line' id='line_1_14' title="bbox 324 1941 651 2010; baseline -0.009 -3"><span class='ocrx_word' id='word_1_85' title='bbox 324 1943 451 2010; x_wconf 82' lang='lat' dir='ltr'>fluxisse</span> <span class='ocrx_word' id='word_1_86' title='bbox 474 1941 651 2006; x_wconf 83' lang='lat' dir='ltr'>videantur.</span> 
     </span>
    </p>
   </div>
   <div class='ocr_carea' id='block_1_5' title="bbox 742 2303 966 2556">
    <p class='ocr_par' dir='ltr' id='par_1_6' title="bbox 742 2303 966 2556">
     <span class='ocr_line' id='line_1_15' title="bbox 780 2303 927 2377; baseline 0 -1"><span class='ocrx_word' id='word_1_87' title='bbox 780 2303 927 2377; x_wconf 83' lang='lat' dir='ltr'>XVlll.</span> 
     </span>
     <span class='ocr_line' id='line_1_16' title="bbox 742 2469 966 2556; baseline -0.036 -2"><span class='ocrx_word' id='word_1_88' title='bbox 742 2469 966 2556; x_wconf 70' lang='lat' dir='ltr'>tttltttts</span> 
     </span>
    </p>
   </div>
   <div class='ocr_carea' id='block_1_6' title="bbox 963 2638 1361 2693">
    <p class='ocr_par' dir='ltr' id='par_1_7' title="bbox 963 2638 1361 2693">
     <span class='ocr_line' id='line_1_17' title="bbox 963 2638 1361 2693; baseline 0.005 -13"><span class='ocrx_word' id='word_1_89' title='bbox 963 2638 1043 2681; x_wconf 85' lang='lat' dir='ltr'>ttstetst</span> <span class='ocrx_word' id='word_1_90' title='bbox 1061 2640 1083 2680; x_wconf 84' lang='lat' dir='ltr'>st</span> <span class='ocrx_word' id='word_1_91' title='bbox 1095 2649 1127 2680; x_wconf 85' lang='lat' dir='ltr'>sss</span> <span class='ocrx_word' id='word_1_92' title='bbox 1143 2640 1234 2693; x_wconf 68' lang='lat' dir='ltr'>sstutts</span> <span class='ocrx_word' id='word_1_93' title='bbox 1247 2640 1361 2689; x_wconf 61' lang='lat' dir='ltr'>venduut</span> 
     </span>
    </p>
   </div>
   <div class='ocr_carea' id='block_1_7' title="bbox 1240 2711 1310 2751">
    <p class='ocr_par' dir='ltr' id='par_1_8' title="bbox 1240 2711 1310 2751">
     <span class='ocr_line' id='line_1_18' title="bbox 1240 2711 1310 2751; baseline 0 0"><span class='ocrx_word' id='word_1_94' title='bbox 1240 2711 1310 2751; x_wconf 77' lang='lat' dir='ltr'>Varro.</span> 
     </span>
    </p>
   </div>
   <div class='ocr_carea' id='block_1_8' title="bbox 331 2855 1396 4369">
    <p class='ocr_par' dir='ltr' id='par_1_9' title="bbox 331 2855 1391 3331">
     <span class='ocr_line' id='line_1_19' title="bbox 416 2855 1390 2947; baseline 0.002 -25"><span class='ocrx_word' id='word_1_95' title='bbox 416 2858 471 2922; x_wconf 86' lang='lat' dir='ltr'>llis</span> <span class='ocrx_word' id='word_1_96' title='bbox 494 2857 647 2920; x_wconf 89' lang='lat' dir='ltr'>omnibus</span> <span class='ocrx_word' id='word_1_97' title='bbox 670 2855 711 2919; x_wconf 90' lang='lat' dir='ltr'>de</span> <span class='ocrx_word' id='word_1_98' title='bbox 732 2857 850 2944; x_wconf 85' lang='lat' dir='ltr'>quibus</span> <span class='ocrx_word' id='word_1_99' title='bbox 872 2859 997 2942; x_wconf 85' lang='lat' dir='ltr'>egimus</span> <span class='ocrx_word' id='word_1_100' title='bbox 1023 2859 1120 2922; x_wconf 89' lang='lat' dir='ltr'>rebus</span> <span class='ocrx_word' id='word_1_101' title='bbox 1145 2858 1390 2947; x_wconf 73' lang='lat' dir='ltr'>rationibusque</span> 
     </span>
     <span class='ocr_line' id='line_1_20' title="bbox 331 2957 1390 3048; baseline 0.004 -26"><span class='ocrx_word' id='word_1_102' title='bbox 331 2959 512 3047; x_wconf 81' lang='lat' dir='ltr'>perpensis,</span> <span class='ocrx_word' id='word_1_103' title='bbox 534 2981 600 3021; x_wconf 92' lang='lat' dir='ltr'>non</span> <span class='ocrx_word' id='word_1_104' title='bbox 623 2971 671 3022; x_wconf 88' lang='lat' dir='ltr'>est</span> <span class='ocrx_word' id='word_1_105' title='bbox 692 2957 823 3022; x_wconf 86' lang='lat' dir='ltr'>difficile</span> <span class='ocrx_word' id='word_1_106' title='bbox 846 2959 1025 3036; x_wconf 86' lang='lat' dir='ltr'>intellectu,</span> <span class='ocrx_word' id='word_1_107' title='bbox 1047 2961 1124 3046; x_wconf 90' lang='lat' dir='ltr'>quid</span> <span class='ocrx_word' id='word_1_108' title='bbox 1147 2962 1187 3024; x_wconf 87' lang='lat' dir='ltr'>sit</span> <span class='ocrx_word' id='word_1_109' title='bbox 1209 2961 1299 3048; x_wconf 92' lang='lat' dir='ltr'>quod</span> <span class='ocrx_word' id='word_1_110' title='bbox 1321 2962 1390 3026; x_wconf 84' lang='lat' dir='ltr'>flo-</span> 
     </span>
     <span class='ocr_line' id='line_1_21' title="bbox 331 3061 1391 3150; baseline 0.003 -24"><span class='ocrx_word' id='word_1_111' title='bbox 331 3063 490 3126; x_wconf 83' lang='lat' dir='ltr'>mericum</span> <span class='ocrx_word' id='word_1_112' title='bbox 511 3083 643 3125; x_wconf 87' lang='lat' dir='ltr'>carmen</span> <span class='ocrx_word' id='word_1_113' title='bbox 666 3061 795 3146; x_wconf 88' lang='lat' dir='ltr'>epicum</span> <span class='ocrx_word' id='word_1_114' title='bbox 818 3085 857 3124; x_wconf 86' lang='lat' dir='ltr'>ex</span> <span class='ocrx_word' id='word_1_115' title='bbox 879 3062 1009 3147; x_wconf 91' lang='lat' dir='ltr'>ingenio</span> <span class='ocrx_word' id='word_1_116' title='bbox 1031 3061 1145 3148; x_wconf 91' lang='lat' dir='ltr'>populi</span> <span class='ocrx_word' id='word_1_117' title='bbox 1157 3062 1299 3128; x_wconf 81' lang='lat' dir='ltr'>Romani</span> <span class='ocrx_word' id='word_1_118' title='bbox 1315 3086 1391 3150; x_wconf 87' lang='lat' dir='ltr'>pro·</span> 
     </span>
     <span class='ocr_line' id='line_1_22' title="bbox 331 3163 1390 3252; baseline 0.004 -26"><span class='ocrx_word' id='word_1_119' title='bbox 331 3187 477 3229; x_wconf 87' lang='lat' dir='ltr'>crescere</span> <span class='ocrx_word' id='word_1_120' title='bbox 500 3185 567 3226; x_wconf 92' lang='lat' dir='ltr'>non</span> <span class='ocrx_word' id='word_1_121' title='bbox 589 3163 741 3250; x_wconf 89' lang='lat' dir='ltr'>potuerit,</span> <span class='ocrx_word' id='word_1_122' title='bbox 763 3175 795 3227; x_wconf 89' lang='lat' dir='ltr'>et</span> <span class='ocrx_word' id='word_1_123' title='bbox 816 3163 975 3240; x_wconf 78' lang='lat' dir='ltr'>claudicet</span> <span class='ocrx_word' id='word_1_124' title='bbox 995 3163 1058 3228; x_wconf 85' lang='lat' dir='ltr'>hac</span> <span class='ocrx_word' id='word_1_125' title='bbox 1078 3167 1109 3228; x_wconf 92' lang='lat' dir='ltr'>in</span> <span class='ocrx_word' id='word_1_126' title='bbox 1133 3187 1167 3228; x_wconf 90' lang='lat' dir='ltr'>re</span> <span class='ocrx_word' id='word_1_127' title='bbox 1189 3166 1390 3252; x_wconf 85' lang='lat' dir='ltr'>comparatio</span> 
     </span>
     <span class='ocr_line' id='line_1_23' title="bbox 332 3266 826 3331; baseline 0.004 -3"><span class='ocrx_word' id='word_1_128' title='bbox 332 3266 536 3331; x_wconf 85' lang='lat' dir='ltr'>Graecorum</span> <span class='ocrx_word' id='word_1_129' title='bbox 559 3288 635 3329; x_wconf 88' lang='lat' dir='ltr'>cum</span> <span class='ocrx_word' id='word_1_130' title='bbox 659 3266 826 3330; x_wconf 86' lang='lat' dir='ltr'>Romanis.</span> 
     </span>
    </p>

    <p class='ocr_par' dir='ltr' id='par_1_10' title="bbox 332 3366 1396 4369">
     <span class='ocr_line' id='line_1_24' title="bbox 415 3366 1391 3452; baseline 0.002 -21"><span class='ocrx_word' id='word_1_131' title='bbox 415 3368 500 3431; x_wconf 90' lang='lat' dir='ltr'>Nam</span> <span class='ocrx_word' id='word_1_132' title='bbox 523 3367 578 3430; x_wconf 93' lang='lat' dir='ltr'>ubi</span> <span class='ocrx_word' id='word_1_133' title='bbox 600 3366 745 3452; x_wconf 90' lang='lat' dir='ltr'>primum</span> <span class='ocrx_word' id='word_1_134' title='bbox 758 3366 884 3444; x_wconf 89' lang='lat' dir='ltr'>Graeci,</span> <span class='ocrx_word' id='word_1_135' title='bbox 905 3367 946 3432; x_wconf 83' lang='lat' dir='ltr'>ad</span> <span class='ocrx_word' id='word_1_136' title='bbox 969 3390 1058 3432; x_wconf 89' lang='lat' dir='ltr'>arma</span> <span class='ocrx_word' id='word_1_137' title='bbox 1080 3367 1213 3432; x_wconf 84' lang='lat' dir='ltr'>serenda</span> <span class='ocrx_word' id='word_1_138' title='bbox 1235 3367 1391 3433; x_wconf 84' lang='lat' dir='ltr'>adversus</span> 
     </span>
     <span class='ocr_line' id='line_1_25' title="bbox 332 3467 1392 3550; baseline 0 -16"><span class='ocrx_word' id='word_1_139' title='bbox 332 3492 544 3535; x_wconf 89' lang='lat' dir='ltr'>communem</span> <span class='ocrx_word' id='word_1_140' title='bbox 566 3467 696 3532; x_wconf 85' lang='lat' dir='ltr'>hostem</span> <span class='ocrx_word' id='word_1_141' title='bbox 718 3469 807 3533; x_wconf 86' lang='lat' dir='ltr'>velut</span> <span class='ocrx_word' id='word_1_142' title='bbox 828 3471 989 3550; x_wconf 79' lang='lat' dir='ltr'>Trojanas</span> <span class='ocrx_word' id='word_1_143' title='bbox 1016 3469 1205 3547; x_wconf 85' lang='lat' dir='ltr'>consociati,</span> <span class='ocrx_word' id='word_1_144' title='bbox 1238 3493 1337 3534; x_wconf 90' lang='lat' dir='ltr'>unam</span> <span class='ocrx_word' id='word_1_145' title='bbox 1357 3492 1392 3535; x_wconf 88' lang='lat' dir='ltr'>se</span> 
     </span>
     <span class='ocr_line' id='line_1_26' title="bbox 333 3570 1393 3658; baseline 0.002 -24"><span class='ocrx_word' id='word_1_146' title='bbox 333 3595 403 3635; x_wconf 86' lang='lat' dir='ltr'>esse</span> <span class='ocrx_word' id='word_1_147' title='bbox 436 3572 602 3636; x_wconf 77' lang='lat' dir='ltr'>nationem</span> <span class='ocrx_word' id='word_1_148' title='bbox 635 3570 751 3635; x_wconf 89' lang='lat' dir='ltr'>eadem</span> <span class='ocrx_word' id='word_1_149' title='bbox 784 3571 884 3657; x_wconf 80' lang='lat' dir='ltr'>stirpe</span> <span class='ocrx_word' id='word_1_150' title='bbox 918 3583 1023 3635; x_wconf 90' lang='lat' dir='ltr'>ortam</span> <span class='ocrx_word' id='word_1_151' title='bbox 1051 3572 1171 3636; x_wconf 87' lang='lat' dir='ltr'>sentire</span> <span class='ocrx_word' id='word_1_152' title='bbox 1203 3583 1393 3658; x_wconf 87' lang='lat' dir='ltr'>coeperunt,</span> 
     </span>
     <span class='ocr_line' id='line_1_27' title="bbox 332 3671 1393 3761; baseline -0.001 -24"><span class='ocrx_word' id='word_1_153' title='bbox 332 3671 570 3737; x_wconf 84' lang='lat' dir='ltr'>confluentibus</span> <span class='ocrx_word' id='word_1_154' title='bbox 603 3671 814 3760; x_wconf 88' lang='lat' dir='ltr'>religionibus</span> <span class='ocrx_word' id='word_1_155' title='bbox 844 3685 877 3737; x_wconf 87' lang='lat' dir='ltr'>et</span> <span class='ocrx_word' id='word_1_156' title='bbox 904 3673 1022 3738; x_wconf 81' lang='lat' dir='ltr'>fabulis</span> <span class='ocrx_word' id='word_1_157' title='bbox 1048 3673 1159 3752; x_wconf 86' lang='lat' dir='ltr'>sacris,</span> <span class='ocrx_word' id='word_1_158' title='bbox 1195 3696 1279 3761; x_wconf 87' lang='lat' dir='ltr'>quae</span> <span class='ocrx_word' id='word_1_159' title='bbox 1306 3672 1393 3759; x_wconf 88' lang='lat' dir='ltr'>apud</span> 
     </span>
     <span class='ocr_line' id='line_1_28' title="bbox 334 3773 1395 3861; baseline 0.001 -23"><span class='ocrx_word' id='word_1_160' title='bbox 334 3774 456 3838; x_wconf 90' lang='lat' dir='ltr'>incolas</span> <span class='ocrx_word' id='word_1_161' title='bbox 474 3773 674 3860; x_wconf 86' lang='lat' dir='ltr'>singularum</span> <span class='ocrx_word' id='word_1_162' title='bbox 690 3774 862 3861; x_wconf 87' lang='lat' dir='ltr'>regionum</span> <span class='ocrx_word' id='word_1_163' title='bbox 878 3786 972 3840; x_wconf 91' lang='lat' dir='ltr'>natae</span> <span class='ocrx_word' id='word_1_164' title='bbox 992 3788 1092 3854; x_wconf 85' lang='lat' dir='ltr'>erant,</span> <span class='ocrx_word' id='word_1_165' title='bbox 1113 3775 1262 3839; x_wconf 88' lang='lat' dir='ltr'>inunum</span> <span class='ocrx_word' id='word_1_166' title='bbox 1274 3774 1395 3854; x_wconf 87' lang='lat' dir='ltr'>locum,</span> 
     </span>
     <span class='ocr_line' id='line_1_29' title="bbox 336 3874 1396 3963; baseline 0.001 -24"><span class='ocrx_word' id='word_1_167' title='bbox 336 3875 433 3939; x_wconf 88' lang='lat' dir='ltr'>etiam</span> <span class='ocrx_word' id='word_1_168' title='bbox 455 3877 638 3940; x_wconf 90' lang='lat' dir='ltr'>communis</span> <span class='ocrx_word' id='word_1_169' title='bbox 660 3874 820 3963; x_wconf 77' lang='lat' dir='ltr'>quaedam</span> <span class='ocrx_word' id='word_1_170' title='bbox 839 3875 973 3962; x_wconf 90' lang='lat' dir='ltr'>ingeniis</span> <span class='ocrx_word' id='word_1_171' title='bbox 990 3876 1140 3941; x_wconf 89' lang='lat' dir='ltr'>omnium</span> <span class='ocrx_word' id='word_1_172' title='bbox 1161 3878 1307 3963; x_wconf 86' lang='lat' dir='ltr'>gentium</span> <span class='ocrx_word' id='word_1_173' title='bbox 1327 3875 1396 3941; x_wconf 86' lang='lat' dir='ltr'>illa·</span> 
     </span>
     <span class='ocr_line' id='line_1_30' title="bbox 335 3975 1396 4067; baseline 0.001 -26"><span class='ocrx_word' id='word_1_174' title='bbox 335 3999 409 4041; x_wconf 89' lang='lat' dir='ltr'>rum</span> <span class='ocrx_word' id='word_1_175' title='bbox 437 3975 574 4041; x_wconf 80' lang='lat' dir='ltr'>formari</span> <span class='ocrx_word' id='word_1_176' title='bbox 599 3976 712 4064; x_wconf 84' lang='lat' dir='ltr'>eoepit</span> <span class='ocrx_word' id='word_1_177' title='bbox 737 3977 860 4064; x_wconf 85' lang='lat' dir='ltr'>species</span> <span class='ocrx_word' id='word_1_178' title='bbox 887 3979 1044 4067; x_wconf 88' lang='lat' dir='ltr'>notioque</span> <span class='ocrx_word' id='word_1_179' title='bbox 1066 3978 1205 4042; x_wconf 88' lang='lat' dir='ltr'>deorum</span> <span class='ocrx_word' id='word_1_180' title='bbox 1227 3978 1396 4042; x_wconf 73' lang='lat' dir='ltr'>immorta-</span> 
     </span>
     <span class='ocr_line' id='line_1_31' title="bbox 334 4077 1396 4167; baseline 0.001 -26"><span class='ocrx_word' id='word_1_181' title='bbox 334 4077 423 4143; x_wconf 85' lang='lat' dir='ltr'>lium.</span> <span class='ocrx_word' id='word_1_182' title='bbox 448 4077 575 4142; x_wconf 84' lang='lat' dir='ltr'>Deinde</span> <span class='ocrx_word' id='word_1_183' title='bbox 593 4099 696 4166; x_wconf 87' lang='lat' dir='ltr'>quum</span> <span class='ocrx_word' id='word_1_184' title='bbox 709 4079 832 4165; x_wconf 89' lang='lat' dir='ltr'>magnis</span> <span class='ocrx_word' id='word_1_185' title='bbox 843 4079 1100 4164; x_wconf 84' lang='lat' dir='ltr'>migrationibus,</span> <span class='ocrx_word' id='word_1_186' title='bbox 1122 4102 1161 4144; x_wconf 87' lang='lat' dir='ltr'>ex</span> <span class='ocrx_word' id='word_1_187' title='bbox 1172 4101 1238 4167; x_wconf 89' lang='lat' dir='ltr'>quo</span> <span class='ocrx_word' id='word_1_188' title='bbox 1249 4080 1396 4167; x_wconf 85' lang='lat' dir='ltr'>primum</span> 
     </span>
     <span class='ocr_line' id='line_1_32' title="bbox 335 4178 1396 4269; baseline 0.003 -26"><span class='ocrx_word' id='word_1_189' title='bbox 335 4178 568 4244; x_wconf 84' lang='lat' dir='ltr'>Thessalorum</span> <span class='ocrx_word' id='word_1_190' title='bbox 589 4201 669 4266; x_wconf 83' lang='lat' dir='ltr'>gens</span> <span class='ocrx_word' id='word_1_191' title='bbox 691 4203 708 4244; x_wconf 90' lang='lat' dir='ltr'>e</span> <span class='ocrx_word' id='word_1_192' title='bbox 726 4181 894 4245; x_wconf 90' lang='lat' dir='ltr'>montibus</span> <span class='ocrx_word' id='word_1_193' title='bbox 911 4181 1002 4268; x_wconf 85' lang='lat' dir='ltr'>Epiri</span> <span class='ocrx_word' id='word_1_194' title='bbox 1024 4180 1058 4246; x_wconf 92' lang='lat' dir='ltr'>in</span> <span class='ocrx_word' id='word_1_195' title='bbox 1076 4183 1221 4246; x_wconf 86' lang='lat' dir='ltr'>Boeotos</span> <span class='ocrx_word' id='word_1_196' title='bbox 1237 4183 1396 4269; x_wconf 86' lang='lat' dir='ltr'>prorupit,</span> 
     </span>
     <span class='ocr_line' id='line_1_33' title="bbox 336 4279 1396 4369; baseline 0 -24"><span class='ocrx_word' id='word_1_197' title='bbox 336 4279 523 4359; x_wconf 76' lang='lat' dir='ltr'>Aeolenses,</span> <span class='ocrx_word' id='word_1_198' title='bbox 545 4281 732 4359; x_wconf 77' lang='lat' dir='ltr'>Dorienses,</span> <span class='ocrx_word' id='word_1_199' title='bbox 753 4281 867 4360; x_wconf 86' lang='lat' dir='ltr'>Jones,</span> <span class='ocrx_word' id='word_1_200' title='bbox 889 4280 1070 4369; x_wconf 82' lang='lat' dir='ltr'>Pelasgicse</span> <span class='ocrx_word' id='word_1_201' title='bbox 1091 4292 1202 4369; x_wconf 83' lang='lat' dir='ltr'>gentes</span> <span class='ocrx_word' id='word_1_202' title='bbox 1223 4281 1396 4357; x_wconf 82' lang='lat' dir='ltr'>variumin</span> 
     </span>
    </p>
   </div>
   <div class='ocr_carea' id='block_1_9' title="bbox 0 0 1724 5042">
    <p class='ocr_par' dir='ltr' id='par_1_11' title="bbox 0 0 1724 5042">
     <span class='ocr_line' id='line_1_34' title="bbox 0 0 1724 5042; baseline 0 0"><span class='ocrx_word' id='word_1_203' title='bbox 0 0 1724 5042; x_wconf 95' lang='lat' dir='ltr'> </span> 
     </span>
    </p>
   </div>
  </div>
 </body>
</html>
