3400 5042
407 676 465 742 His
485 675 582 766 igitur
602 676 716 743 diebus
738 678 814 745 Salii
836 679 966 768 apicati,
986 704 1084 770 super
1104 680 1217 746 tunicis
1238 681 1378 746 versico-

323 778 447 846 loribus
468 801 589 846 aeneos
609 779 734 845 balteos
755 793 788 847 et
808 783 937 848 trabeas
958 784 1064 850 cinctu
1077 783 1220 850 Gabinio
1243 784 1376 848 constri-

324 893 391 948 ctas
410 893 585 970 gestantes,
618 895 715 972 atque
736 885 849 950 ancilia
883 887 1066 953 resonantia
1097 886 1294 974 pugionibus
1325 886 1377 951 vel

322 985 440 1052 lanceis
461 986 688 1074 percutientes,
708 1011 768 1075 per
777 1000 881 1055 totam
893 991 1020 1069 urbem,
1032 990 1170 1078 publicis
1181 989 1377 1078 privatisque

322 1088 402 1155 locis
423 1090 545 1154 circum
574 1089 684 1155 altaria
712 1090 850 1157 deorum
873 1093 1057 1158 saltationes
1089 1116 1163 1158 cum
1187 1104 1283 1157 cantu
1304 1114 1377 1179 age-

322 1192 416 1270 bant,
437 1191 555 1282 quibus
576 1191 673 1258 linitis
695 1194 829 1282 opipare
850 1219 1002 1275 coenare,
1035 1207 1067 1262 et
1097 1196 1131 1262 in
1152 1195 1377 1260 mansionibus

322 1294 410 1362 bunc
441 1296 473 1361 in
500 1318 595 1361 usum
627 1297 794 1362 exstructis
825 1311 1019 1386 pernoctare
1050 1299 1212 1377 solebant,
1244 1310 1376 1387 postero

323 1399 374 1464 die
397 1398 505 1464 denuo
528 1398 694 1486 incepturi,
717 1400 822 1465 donec
845 1401 958 1466 ancilia
981 1403 1263 1482 conderentur).
1298 1401 1376 1486 Quo

322 1503 356 1568 in
377 1502 508 1590 negotio
530 1514 678 1589 praeerat
698 1503 736 1566 iis
749 1505 879 1569 Praesul
902 1505 956 1593 qui
969 1505 1106 1570 modum
1122 1505 1257 1570 saltandi
1270 1505 1377 1584 dabat,

323 1609 422 1671 Vates
445 1607 498 1693 qui
521 1616 680 1683 extorum,
701 1607 825 1685 avium,
847 1608 1014 1695 fulgurum
1035 1609 1157 1695 peritus
1179 1608 1376 1672 carminibus

320 1708 591 1796 caerimoniisque
611 1710 817 1795 auguralibus
837 1712 1046 1799 fungebatur,
1066 1712 1221 1798 Magister
1236 1711 1376 1799 denique

323 1815 377 1903 qui
403 1813 555 1901 princeps
589 1813 735 1877 omnium
766 1825 798 1878 et
829 1815 943 1880 ceteris
975 1815 1121 1880 canendo
1153 1814 1313 1902 praeibat,
1344 1826 1377 1879 et

320 1916 424 1984 simile
454 1916 624 2002 negotium
656 1939 783 1982 curasse
804 1917 941 1996 videtur,
973 1929 1070 2006 atque
1096 1919 1121 1982 is
1149 1917 1204 2004 qui
1230 1917 1375 1982 fabulam

322 2019 462 2086 docebat
483 2019 535 2103 ²⁹).
579 2021 624 2084 Ut
645 2041 724 2084 vero
746 2021 948 2108 praecentori
970 2031 1177 2085 succentores
1199 2043 1375 2107 opponun-

320 2135 382 2202 tur,
413 2123 458 2189 sic
479 2122 643 2188 Saliorum
676 2123 818 2188 Praesuli
851 2122 1067 2188 Salisubsules
1102 2122 1303 2210 respondent
1324 2128 1375 2202 ⁸⁰),

322 2226 426 2312 Quod
462 2225 603 2314 denique
636 2225 752 2290 'l'ullus
787 2227 943 2291 Hostilius
975 2237 1030 2290 aut
1054 2225 1165 2304 bello,
1197 2237 1252 2291 aut
1283 2237 1375 2312 peste

320 2339 468 2416 urgente,
489 2339 566 2415 post
586 2339 714 2416 captam
727 2329 846 2393 Albam
869 2329 1002 2416 longam
1024 2329 1064 2394 ad
1082 2329 1232 2417 antiquos
1245 2329 1374 2393 Numae

320 2431 484 2497 Palatinos
506 2430 610 2498 Salios
638 2431 811 2496 duodecim
833 2432 913 2497 alios
936 2431 1122 2518 Quirinales
1145 2455 1202 2496 seu
1225 2428 1374 2496 Collinos

319 2558 375 2600 seu
397 2533 560 2621 Agonales
587 2533 748 2599 addidisse
770 2534 888 2614 femur,
919 2535 962 2600 ita
990 2535 1084 2600 facile
1112 2534 1306 2622 explicatur,
1338 2546 1375 2600 ut

319 2636 482 2703 coloniam
505 2636 725 2716 Albanorum,
748 2661 847 2726 quam
870 2661 980 2703 secum
1002 2639 1094 2704 duxit
1113 2661 1186 2716 rex,
1208 2660 1284 2702 cum
1306 2637 1374 2702 aliis

319 2739 417 2805 sacris
453 2739 550 2804 etiam
576 2739 723 2806 Albanos
753 2740 858 2806 Salios
897 2764 972 2806 suos
1011 2741 1153 2806 attulisse
1186 2751 1372 2807 statuamus.

319 2842 597 2930 ltaqueAlbanos,
619 2844 673 2932 qui
695 2844 729 2908 in
750 2844 959 2931 inscriptione
982 2845 1123 2933 quadam
1139 2855 1372 2923 memorantur,

317 2943 422 3011 Salios
443 2968 460 3010 a
479 2944 700 3031 Quirinalibus
720 2970 789 3012 non
811 2947 957 3013 diversos
978 2959 1234 3013 consentaneum
1255 2959 1304 3012 est
1318 2947 1371 3031 ³¹).

352 3131 389 3204 ²⁸)
424 3135 501 3191 Serv.
518 3133 553 3189 ad
571 3133 639 3206 Virg
655 3133 724 3189 Aen.
735 3135 809 3199 Vlll.
826 3156 851 3190 r.
862 3134 930 3192 66³:
948 3137 1023 3192 Dicti
1040 3135 1107 3191 Salii
1125 3136 1195 3200 ideo,
1213 3133 1374 3209 quodcirca

420 3242 476 3279 aros
494 3221 593 3278 saliunt
610 3236 639 3279 et
654 3223 809 3297 tripudiant.
828 3225 862 3282 cs.
881 3224 973 3280 Schol.
991 3225 1024 3282 ad
1042 3226 1111 3279 Hor.
1130 3245 1207 3281 carm.
1225 3225 1274 3289 IV,
1293 3225 1316 3290 l,
1329 3225 1372 3281 85.

420 3312 496 3368 Haec
522 3311 609 3368 onmia
635 3312 704 3384 apud
723 3313 845 3370 Gutberl.
865 3313 953 3369 multis
979 3313 1137 3387 scriptorum
1163 3312 1228 3369 locis
1250 3327 1371 3370 accurate

419 3399 607 3456 demonstrata.
652 3400 778 3457 Ceterum
797 3401 937 3474 collegium
955 3403 1087 3457 Saliorum
1105 3402 1276 3473 cooptatione
1295 3425 1309 3458 e
1327 3424 1372 3477 pa·

420 3489 501 3544 triciis
519 3490 732 3546 adolescentibus
749 3489 875 3546 matrinis
892 3512 923 3546 ac
940 3491 1058 3564 patrimis
1072 3490 1267 3561 sublegebatur.

350 3577 387 3648 ὀ)
421 3577 506 3632 Julius
533 3575 700 3652 Capitolinus
726 3580 773 3635 vit.
799 3580 932 3635 Antonin.
958 3578 1060 3636 Philos.
1078 3601 1100 3635 c.
1119 3580 1153 3644 1l;
1189 3581 1222 3635 cf.
1248 3582 1371 3638 Gutberl.

419 3689 447 3741 p.
462 3666 571 3731 39-41,
589 3668 698 3723 ‹ta-ta.

365 3756 401 3826 ”)
419 3757 465 3812 Sic
481 3754 648 3830 interpretor
664 3757 753 3812 locum
772 3755 872 3811 Catulli
885 3756 974 3825 xv1t,
991 3757 1015 3811 d.
1034 3755 1080 3813 ubi
1097 3756 1254 3812 Salisubsuli
1271 3778 1372 3832 nequa-

419 3866 495 3918 quarn
513 3845 609 3902 Martis
627 3865 786 3918 cognomen,
804 3858 921 3901 ceterum
939 3859 968 3901 ut
985 3845 1061 3901 exsul
1079 3859 1107 3901 et
1120 3847 1222 3910 consul,
1240 3847 1277 3902 sic
1291 3849 1370 3903 etiarn

417 3933 522 4008 praesul
539 3947 566 3989 et
583 3935 672 3989 subsul
689 3935 796 3988 minima
815 3955 830 3988 a
846 3932 970 3989 saltando
990 3934 1083 3990 dictus.

366 4021 403 4092 ΙΙ)
422 4022 568 4096 Agonales,
586 4022 723 4091 Collinas,
747 4021 900 4092 Quirinales
919 4023 1026 4078 eosdem
1045 4043 1109 4086 esse,
1127 4022 1194 4078 locis
1213 4027 1370 4098 comparatis

419 4113 585 4167 demonstrat
603 4113 685 4167 Gutb.
703 4132 729 4185 p.
746 4111 789 4165 29.
815 4110 919 4166 lbidenr
936 4113 1086 4190 refutantur
1094 4113 1206 4169 Pallorii
1220 4127 1248 4169 et
1262 4116 1370 4170 Pavorii

418 4200 482 4256 Salii
495 4222 560 4273 quos
573 4201 676 4274 profert
685 4201 794 4256 Servius
804 4201 877 4272 Virg.
887 4202 954 4255 Aen.
965 4202 1040 4265 Vlll,
1054 4201 1114 4266 285,
1131 4202 1210 4257 {alsus
1223 4203 1278 4272 ille,
1296 4205 1369 4276 quod

418 4289 512 4344 Tullus
527 4301 590 4363 post
606 4289 705 4347 bellurn
727 4289 861 4345 Albanum
884 4288 985 4346 Pallori
1007 4303 1035 4346 st
1054 4292 1152 4348 Pacori
1174 4290 1273 4364 templa
1294 4291 1370 4347 dedi-
