3400 5042
290 714 429 783 verbum
461 714 503 780 sd
535 713 687 783 saliaria:
729 722 841 799 exalet,
872 722 1016 797 exdatae,
1053 721 1218 797 exdorsua,
1247 722 1346 805 opica,

287 823 401 904 pesula.

353 923 606 1011 ‘uExdecimatm
643 919 777 999 electa‚«
809 929 841 1009 p.
863 927 913 989 8⁰.
956 921 1042 987 Note
1064 932 1112 987 est
1131 925 1245 988 dacum
1265 921 1347 988 Her-

291 1023 371 1090 culis
391 1022 478 1088 unde
504 1016 661 1090 decantare
681 1021 837 1094 ,dicuntur
859 1023 914 1112 qui
936 1023 965 1088 ei
985 1026 1168 1110 sacruficem.
1208 1025 1294 1089 Fest.
1316 1046 1346 1089 v.

290 1123 447 1192 Potitium
473 1147 510 1190 ao
532 1123 697 1190 Pinarium
718 1147 750 1212 p.
772 1130 842 1191 237.
887 1123 990 1207 Cuius
1015 1127 1067 1192 dei
1088 1128 1166 1193 ritus
1193 1126 1348 1192 caerimo-

290 1227 423 1316 niasque
444 1250 462 1292 a
484 1225 646 1293 Saliorum
667 1225 878 1314 religionibus
899 1251 968 1293 non
994 1229 1146 1308 abfuisse,
1173 1251 1269 1317 supra
1291 1227 1347 1294 de·

290 1341 508 1396 monstratum
530 1340 586 1394 est.
620 1325 777 1394 Ceterum
799 1330 896 1395 etiam
918 1330 987 1396 aliis
1007 1331 1195 1398 numinibus
1207 1336 1348 1399 declinam

194 1458 199 1467 ·
290 1433 444 1498 tributam
467 1431 641 1519 antiquitus
663 1444 920 1498 consentaneum
942 1444 999 1498 est.

373 1537 555 1598 »Exdorsua
577 1534 711 1598 dorsum
733 1534 992 1622 confringe3'alii
1015 1535 1148 1604 exime«
1193 1533 1292 1600 Paull.
1313 1557 1346 1622 p.

291 1642 331 1703 ts
352 1660 428 1701 cum
449 1636 561 1702 Muell.
582 1649 649 1700 not.
691 1638 751 1702 Est
775 1660 854 1701 vero
876 1638 909 1701 in
930 1638 1041 1704 sacris:
1071 1638 1233 1704 Victimae
1254 1660 1348 1702 exco-

290 1740 390 1807 riatae
411 1745 531 1805 dorsum
551 1739 655 1804 cultro
676 1739 727 1804 vel
749 1740 844 1804 acieri
867 1765 1018 1819 exsecare,
1039 1753 1071 1805 et
1092 1765 1186 1806 carne
1208 1767 1325 1808 exerere.

372 1846 533 1908 stxdutae
560 1842 721 1912 exuviae«
764 1842 866 1908 Paull.
894 1866 926 1930 p.
953 1851 1002 1922 80,
1034 1844 1076 1912 id.
1098 1867 1130 1931 p.
1152 1838 1190 1913 81'
1213 1851 1348 1910 Exuome

291 1946 332 2010 ab
354 1952 486 2011 exuendo
509 1945 627 2024 dictae,
659 1968 741 2033 quae
764 1945 846 2011 duae
868 1945 993 2032 glossae
1013 1947 1108 2011 unius
1137 1947 1348 2036 ejusdemque

290 2060 398 2136 partes
424 2047 522 2113 fuisse
549 2047 637 2136 apud
662 2049 797 2113 Festum
824 2048 989 2128 videntur,
1020 2061 1056 2113 ut
1084 2072 1180 2136 supra
1208 2049 1347 2114 vidimus

291 2151 471 2217 distraxisse
509 2151 709 2237 negligenter
746 2150 896 2216 Paullum
934 2152 1056 2239 glossas
1094 2168 1286 2239 experrectus
1317 2164 1350 2218 et

292 2259 438 2322 excudere
455 2253 496 2319 cf.
514 2265 581 2322 not.
595 2259 662 2331 109,
683 2252 723 2318 cf.
745 2278 775 2322 v.
787 2253 895 2319 effata.
929 2252 1087 2320 Ceterum
1108 2255 1241 2320 exuviae
1251 2254 1350 2342 signi·

291 2356 365 2423 licat
390 2356 492 2422 vellus
518 2355 699 2421 detractum
725 2357 883 2426 victimae.
916 2356 955 2421 cf.
984 2382 1012 2420 v.
1041 2363 1194 2424 excudere.
1234 2363 1348 2444 pescia,

293 2460 334 2524 ad
356 2460 494 2524 eandem
515 2482 587 2523 rem
610 2482 692 2547 quae
713 2446 877 2547 pertinent
897 2459 930 2523 in
952 2461 1093 2525 carmine
1115 2460 1237 2526 Saliari.

374 2564 510 2646 »Effata
531 2562 685 2626 elocuta«
729 2562 830 2631 Paull.
851 2586 884 2650 p.
906 2569 959 2637 81;
991 2563 1035 2632 ld.
1055 2587 1088 2651 p.
1110 2570 1145 2631 8:
1172 2565 1300 2648 »Effati
1317 2575 1350 2628 et

292 2663 391 2731 effata
413 2689 430 2730 a
444 2667 556 2747 fando,
587 2664 676 2751 quod
698 2664 805 2752 ipsum
827 2689 845 2730 a
868 2663 997 2732 Graeco
1018 2652 1066 2731 ὥς
1082 2654 1209 2745 pavo...
1240 2666 1350 2731 Etiam

292 2766 373 2833 haec
399 2767 486 2833 Festi
512 2767 618 2854 glossa
639 2791 658 2832 a
679 2767 792 2832 Paullo
820 2767 956 2832 demum
988 2770 1129 2850 sejuncta
1161 2768 1289 2833 videtur
1309 2767 1349 2833 cf.

292 2881 361 2935 not.
386 2876 445 2936 los
467 2881 499 2934 et
519 2894 548 2935 v.
570 2869 728 2935 Exdutae.
770 2871 887 2953 Essata
907 2883 1030 2958 spectat
1050 2871 1091 2936 ad
1113 2886 1214 2950 terea,
1235 2895 1350 2936 secun-

293 2971 374 3036 dum
395 2971 567 3038 Aurelium
589 2972 738 3059 Opilium
759 2973 830 3038 loca
848 2985 1036 3039 consecrata
1059 2974 1100 3040 ad
1117 2974 1350 3061 augurandum,

292 3075 377 3140 Fest.
399 3099 430 3139 v.
450 3087 536 3140 tesca
557 3099 589 3162 p.
611 3081 681 3141 356.
704 3075 798 3141 etad
821 3083 945 3162 templa,
976 3079 1087 3142 Varro¹
1106 3078 1144 3142 L.
1166 3079 1203 3142 L.
1225 3079 1284 3156 Vl,
1310 3083 1350 3142 53

291 3202 324 3266 Ρ.
345 3184 405 3244 92:
438 3177 535 3243 »hinc
556 3180 653 3262 effari
671 3187 782 3265 templa
802 3181 955 3246 dicuntur
975 3179 1015 3245 ab
1037 3181 1241 3268 auguribus«
1272 3182 1351 3244 Jam

292 3304 371 3346 vero
399 3304 498 3368 supra
523 3281 663 3347 vidimus
691 3283 795 3349 Salios
820 3284 900 3348 locis
932 3281 1029 3347 sacris
1056 3306 1188 3347 carmen
1212 3288 1354 3367 praefari

293 3408 350 3450 seu
367 3399 562 3469 praetexere,
593 3396 626 3448 et
646 3385 769 3451 ibidem
796 3387 982 3452 saltationes
1003 3407 1107 3471 agere.
1150 3386 1244 3451 Idem
1264 3385 1350 3450 valet

295 3487 423 3552 Oscum
445 3490 618 3573 prnsatted.
659 3485 731 3569 (Cf.
755 3487 794 3558 C.
816 3491 920 3554 Peter.
947 3488 1031 3558 Hall.
1058 3489 1153 3553 Line
1176 3495 1265 3556 1842.
1287 3488 1350 3553 Νο.

293 3596 343 3659 84.
364 3614 396 3677 Ρ.
419 3592 486 3670 64).

376 3696 485 3778 »Exfip
510 3705 777 3780 purgamentum,
814 3693 902 3760 unde
935 3694 1042 3760 adhuc
1067 3707 1179 3760 manet
1202 3697 1351 3780 suffitias*

294 3795 394 3861 Paull.
415 3820 450 3882 p.
472 3803 520 3861 79.
544 3797 585 3860 cf.
607 3796 720 3862 Muell.
741 3809 808 3864 not.
848 3799 922 3860 Hoc
942 3799 1082 3863 verbum
1103 3821 1120 3862 a
1141 3798 1241 3884 stirpe
1262 3799 1352 3863 FER

293 3899 422 3963 videtur
449 3899 694 3976 deducendum,
728 3899 815 3964 unde
843 3911 875 3964 et
892 3902 1001 3981 seroeo
1030 3903 1164 3982 (ferbui)
1189 3913 1222 3965 et
1239 3903 1351 3983 febres,

293 4006 444 4080 Fadrulis,
463 4005 634 4082 hamatis,
649 4007 808 4087 februare,
830 4008 861 4066 F
860 4009 1025 4083 siricarius,
1045 4016 1171 4068 mutato
1193 4033 1226 4069 ro
1243 4029 1300 4070 seu
1317 4010 1351 4069 rb
1471 4035 1473 4038 ·

294 4105 329 4170 in
350 4111 394 4184 br,
416 4107 597 4187 'cujusmodi
619 4105 704 4170 vices
726 4106 882 4172 aGraeca
903 4107 1012 4194 lingua
1033 4132 1103 4172 non
1124 4107 1243 4172 alienas
1254 4109 1351 4172 etiam

198 4208 202 4213 ⁴
292 4209 448 4275 Etruscae
470 4232 541 4273 esse
562 4210 711 4297 proprias
738 4210 835 4276 docet
856 4211 965 4275 forma
992 4210 1135 4275 nominis
1163 4212 1268 4292 Cfenle
1288 4234 1351 4298 pro

297 4313 402 4394 Cfelne
428 4309 606 4398 (Cilnius).
639 4309 693 4382 Cf.
720 4315 819 4380 lnser.
846 4315 917 4379 Etr.
942 4337 994 4402 ap.
1021 4313 1131 4381 Lauai.
1173 4313 1291 4401 Saggio
1319 4313 1352 4378 di
