3400 5042
799 468 923 550 .2,,

322 647 467 711 dicarunt
490 646 529 732 ¹).
577 645 670 732 Quo
692 647 725 710 in
748 670 866 734 genere
886 646 976 713 haud
997 649 1039 713 ita
1059 649 1201 714 multum
1223 649 1379 715 effectum

322 746 461 827 videtur,
482 750 818 838 praeterquamquod
840 749 1071 816 Lachmannus
1092 752 1199 816 subtili
1219 752 1260 818 de
1281 753 1379 823 fonti-

239 858 242 862 ’
322 853 381 914 bus
414 853 452 915 ¹1¹.
486 851 567 914 Livii
600 855 878 918 commentatione
910 877 976 918 non
1009 867 1156 920 secutum
1189 879 1257 920 esse
1288 855 1377 919 hunc

321 954 512 1040 scriptorem
540 955 682 1019 carmina
711 956 800 1044 epica
830 957 1065 1022 demonstravit
1085 960 1136 1044 ²);
1178 981 1377 1046 quamquam

321 1057 510 1144 ambiguum
533 1056 607 1120 inde
629 1067 740 1136 restat,
773 1071 883 1124 utrum
911 1060 951 1124 ab
979 1059 1143 1129 annalium
1169 1060 1379 1147 scriptoribus

321 1161 371 1224 vel
403 1162 444 1225 ab
477 1160 705 1246 antiquissimis
737 1163 843 1248 poetis
873 1162 998 1230 Naevio
1024 1175 1056 1228 et
1077 1162 1184 1227 Ennio
1218 1162 1377 1250 quaedam

321 1263 517 1340 carminibus
539 1263 734 1350 deprompta
756 1263 821 1331 sint
841 1288 953 1330 necne.
984 1318 986 1321 .

402 1369 492 1431 Inter
514 1389 569 1430 eos
591 1378 703 1432 contra
726 1368 781 1455 qui
802 1369 910 1455 poesis
921 1365 1090 1433 Romanae
1111 1367 1289 1432 rationibus
1301 1391 1378 1432 con·

321 1470 425 1534 sulere
448 1469 614 1547 volebant,
636 1469 769 1534 invaluit
787 1469 1149 1558 Blemiopotissimum
1171 1471 1260 1559 quod
1278 1471 1377 1534 sciam

320 1586 450 1637 arictore
483 1573 661 1636 sententia:
705 1573 829 1640 etiamsi
863 1596 933 1637 non
966 1575 1067 1642 unum
1100 1585 1206 1638 tantae
1239 1585 1377 1662 quantae

319 1674 517 1739 Niebuhrius
549 1675 693 1739 voluerit
717 1676 936 1762 amplitudinis
968 1699 1047 1763 epos
1078 1677 1299 1764 compositum
1331 1677 1378 1753 sit,

319 1791 430 1842 tamen
456 1777 558 1842 multa
580 1777 717 1843 minoris
739 1778 1045 1843 ambituscarmina
1068 1779 1157 1865 epica
1185 1780 1217 1843 in
1239 1803 1296 1843 ore
1318 1778 1379 1842 ho-

320 1882 448 1947 minum
474 1893 614 1958 versata,
647 1904 736 1968 quae·
751 1903 811 1968 pro
833 1893 1023 1968 temporum
1054 1881 1169 1946 ordine
1201 1893 1317 1969 sponte
1344 1881 1377 1943 in

320 2007 501 2049 connexum
525 1982 688 2072 quendam
701 1984 974 2071 concreverint⁸).
1017 1984 1167 2058 Eandem
1184 1983 1377 2048 sententiam

320 2087 509 2174 complexus
531 2088 702 2166 Krausius,
734 2097 867 2174 sumpto
900 2087 959 2152 sibi
991 2087 1123 2173 negotio
1155 2111 1230 2151 cum
1252 2096 1377 2152 ceteros

320 2188 490 2254 Niebuhrii
520 2189 738 2268 adversarios,
771 2201 842 2255 tum
864 2189 1059 2275 Schlegelios
1082 2190 1196 2280 fratres
1216 2188 1377 2253 refutandi

320 2292 353 2355 in
375 2292 453 2358 locis
471 2293 668 2379 scriptorum
690 2291 940 2379 interpretandis
960 2292 1158 2380 singulisque
1180 2292 1377 2381 quibusdam

320 2395 517 2482 argumentis
539 2395 751 2476 dijudicandis
769 2395 891 2460 multus
913 2419 981 2459 csse
1003 2394 1111 2483 coepit
1132 2396 1191 2481 ⁴)..
1216 2394 1278 2459 Hic
1299 2416 1377 2463 vero

321 2509 355 2562 ut
386 2497 622 2584 praejudicatae
652 2497 850 2574 satisfaceret
877 2496 1041 2585 opinioni2
1071 2498 1173 2562 multa
1196 2495 1378 2572 affirmavit,

320 2601 457 2687 quaein
480 2601 679 2680 contrarium
702 2623 793 2666 versa
816 2600 934 2665 eodem
956 2601 1007 2666 vel
1029 2602 1126 2665 etiam
1148 2599 1285 2665 meliore
1306 2603 1377 2680 jure

320 2715 454 2768 manent
475 2727 564 2782 vera,
586 2704 779 2791 scriptorum
802 2727 914 2767 sensus
936 2715 1058 2769 temere
1082 2703 1239 2781 distorsit,
1260 2701 1378 2788 gravis-

320 2806 400 2869 sima
429 2806 589 2892 quaedam
619 2830 686 2870 non
708 2829 809 2892 pauca
836 2805 946 2870 autin
972 2807 1125 2893 ambiguo
1148 2805 1291 2893 reliquit,
1323 2815 1378 2867 aut

318 2908 443 2972 silentio
465 2911 693 2996 praetermisit,
714 2909 746 2973 in
769 2933 895 2974 errores
917 2909 1058 2996 denique
1086 2921 1119 2974 et
1147 2908 1377 2996 repugnantias

318 3011 429 3074 incidit
449 3013 682 3098 apertissimas,
704 3035 786 3099 quae
809 3013 874 3078 suis
886 3011 1038 3099 deinceps
1060 3011 1138 3076 locis
1154 3011 1375 3076 ostendentur.

318 3133 530 3143 m

363 3202 386 3273 ¹)
423 3203 525 3259 Contra
543 3205 717 3260 Niebuhrium
738 3203 880 3276 praecipue
903 3203 1087 3276 disputarunt:
1124 3203 1154 3256 Α.
1173 3203 1230 3256 W.
1249 3201 1376 3284 Schiegel

422 3293 550 3348 Heidelb.
569 3293 661 3348 Jahrb
681 3293 756 3347 1816.
776 3292 828 3348 Νο.
842 3293 884 3346 53.
903 3305 930 3347 et
947 3293 991 3346 Fr.
1001 3291 1032 3345 A.
1051 3289 1184 3363 Schlegel.
1201 3291 1279 3346 Jena.
1297 3290 1375 3344 Littz.

421 3381 496 3436 1816.
510 3383 562 3436 Νο.
574 3382 636 3445 183,
655 3384 699 3455 qui
718 3394 800 3436 totam
810 3383 993 3437 Romanorum
1010 3378 1151 3435 historiam
1170 3377 1378 3452 antiquissimam

421 3483 497 3526 sexto
521 3460 624 3524 demoni
649 3470 720 3524 urbis
744 3465 868 3527 conditae
890 3470 994 3526 saecuto
1012 3481 1028 3524 'a
1047 3469 1159 3524 Graecia
1181 3467 1323 3523 confictam
1339 3479 1378 3522 te

334 3565 337 3570 ’
421 3579 492 3614 mere
520 3572 685 3624 statuerunt,
720 3558 918 3614 Wachsmuth.
953 3559 1031 3612 Rd'm.
1060 3557 1158 3613 Geach.
1193 3556 1275 3611 Haila
1301 3556 1376 3610 1819.

423 3647 588 3719 Schlegelios
613 3646 719 3721 quidem
741 3647 882 3715 refutavit,
915 3646 1023 3702 minime
1040 3644 1182 3702 Niebuhrii
1208 3645 1242 3700 de
1264 3641 1378 3700 carmine

424 3736 501 3809 epico
520 3737 706 3806 conjecturam.
742 3735 846 3792 Uli-ici:
866 3732 1076 3789 Charakteristilr
1095 3734 1144 3790 der
1160 3731 1234 3788 alten
1244 3732 1379 3787 Hiatorio-

422 3825 536 3898 graphia.
546 3825 648 3893 Berlin.
658 3825 733 3883 1833.
752 3823 935 3890 remidiscerni
952 3843 1010 3877 non
1027 3841 1105 3897 poaae
1123 3817 1279 3895 profitentu
1296 3821 1379 3875 Peter

422 3913 569 3969 aKobbe:
587 3915 679 3968 Roem.
707 3901 805 3967 Geach.
832 3897 921 3985 Leipai
941 3907 1016 3966 18³9.
1042 3923 1126 3987 totam
1143 3910 1323 3981 conjecturam
1351 3921 1379 3963 ut

421 3999 507 4055 fictam
526 4014 553 4056 et
571 3988 738 4073 dijudicatam
756 3999 831 4055 nullo
850 3999 961 4071 negotio
980 3997 1085 4056 omittit.

363 4086 388 4157 ²)
424 4088 594 4146 Lachmann:
614 4090 647 4144 de
666 4089 785 4145 sontibus
804 4089 837 4143 T.
856 4087 934 4142 Livii.
971 4088 1143 4160 Goettingae.
1166 4087 1240 4141 1822.

362 4174 388 4245 ο>
423 4177 533 4233 Blume:
551 4179 707 4251 Einleitung
725 4178 846 4232 inRoma
864 4177 917 4231 alte
928 4175 1028 4233 Geach.
1063 4175 1136 4232 Berl.
1147 4197 1171 4230 u.
1181 4173 1291 4230 stettin.
1302 4173 1378 4228 18³3.

362 4261 388 4334 ⁴)
424 4265 542 4325 Kranae:
561 4272 636 4326 Rom.
655 4264 949 4338 Literaturgeachichte.
982 4264 1056 4320 lteri.
1074 4264 1148 4320 18³⁶.
1184 4263 1236 4316 Th.
1256 4263 1278 4317 1.
