3400 5042
821 525 896 599 119

323 704 491 771 funeribus
518 715 717 782 cantaretur,
749 715 782 769 et
809 701 978 789 Caligulae
1004 701 1192 788 imperatori
1219 702 1387 772 decretum

323 830 392 873 esse
421 830 438 870 a
466 819 578 871 senatu
607 806 754 893 clypeum
782 829 934 882 aureum,
966 827 1065 891 quern
1093 804 1269 891 quotannis
1295 818 1386 872 certo

323 910 374 974 die
402 909 537 994 collegia
565 907 770 971 sacerdotum
800 907 832 969 in
863 905 1064 992 Capitolium
1096 905 1234 981 serrem,
1272 919 1387 974 senatu

322 1022 557 1099 prosequente:
585 1013 805 1096 „nobilibusque
824 1015 928 1094 pueris
949 1036 987 1073 oe
1004 1015 1115 1095 puellis
1136 1013 1265 1074 carmrire
1285 1013 1388 1078 modu-

322 1119 386 1184 Iuto
409 1118 515 1178 luridas
538 1118 678 1176 er'rtutum
700 1115 764 1193 ejus
790 1118 964 1176 canentibus
980 1117 1028 1189 ¹⁸).
1073 1112 1168 1195 Quae
1196 1109 1306 1174 omnia
1332 1110 1386 1179 ill·

322 1226 435 1291 aetate,
457 1237 519 1301 qua
543 1212 764 1277 delectationis
781 1236 875 1276 causa
896 1237 963 1277 non
981 1237 1083 1299 pauca
1101 1213 1242 1276 instituta
1255 1212 1387 1300 antiqua

321 1316 456 1402 repetita
480 1338 550 1379 esse
573 1317 613 1378 ab
637 1315 887 1400 imperatoribus
910 1316 996 1401 apud
1020 1315 1215 1380 Suetonium
1238 1315 1387 1400 legimus,

322 1441 389 1482 non
420 1418 503 1481 lacta
533 1428 651 1494 essent,
683 1416 756 1492 nisi,
783 1416 871 1479 hunc
897 1418 996 1480 luisse
1024 1418 1103 1480 olim
1130 1415 1217 1504 apud
1244 1419 1386 1497 majores

321 1521 456 1586 canendi
480 1543 619 1595 morem,
642 1519 754 1604 opinio
776 1519 937 1582 valuisset.
982 1519 1073 1604 Quid
1101 1519 1229 1583 multa?
1271 1519 1387 1604 Quum

321 1648 337 1687 a
359 1622 468 1710 pueris
489 1622 671 1707 puellisque
694 1643 753 1706 per
775 1621 907 1708 aliquod
926 1625 1085 1708 temporis
1096 1621 1236 1708 spatium
1253 1644 1387 1687 carmen

320 1726 458 1810 lugubre
481 1724 688 1788 decantatum
711 1734 808 1798 esset,
826 1722 949 1787 'eodem
971 1725 1074 1788 modo
1096 1723 1190 1787 lacile
1211 1723 1252 1786 ad
1274 1746 1386 1789 servos

322 1827 470 1902 defluxit,
503 1837 535 1890 et
562 1828 706 1912 quaestui
734 1824 889 1888 inservire
912 1826 1031 1913 coepit
1072 1827 1118 1890 lta
1141 1848 1244 1913 quum
1271 1847 1387 1911 proce·

321 1931 418 1994 dente
434 1942 584 2013 tempore
603 1926 709 1993 lorma
727 1929 958 1992 tantummodo
976 1929 1078 1992 inanis
1097 1928 1230 1993 naeniae
1242 1939 1386 2006 restaret,

322 2033 457 2097 omnino
480 2030 601 2116 placuit
621 2052 638 2090 a
662 2030 817 2093 conviviis
840 2054 912 2094 eam
936 2054 1123 2107 removere,
1145 2030 1385 2117 mulierumque

321 2147 409 2199 certo
443 2134 579 2219 collegio
611 2132 644 2194 in
677 2133 745 2218 ipsa
779 2132 937 2196 eslerendi
981 2155 1106 2219 pompa
1147 2132 1385 2213 decantandam

319 2237 456 2300 tradere.

404 2337 568 2401 Omnibus
596 2358 674 2398 vero
702 2337 900 2418 argumentis
928 2337 1047 2400 nostris
1070 2335 1290 2415 confirmatur,
1316 2360 1386 2402 car·

320 2442 407 2504 mina
431 2437 624 2512 convivalia,
657 2437 771 2500 eadem
801 2462 839 2502 ac
860 2439 1003 2515 naenias,
1037 2441 1185 2524 quamvis
1206 2463 1258 2502 res
1280 2451 1385 2525 gestas

320 2544 466 2604 virorum
490 2541 652 2602 clarorum
676 2540 904 2615 continuerint,
927 2554 1034 2603 tamen
1052 2553 1083 2603 et
1099 2541 1223 2604 ratione
1235 2554 1267 2605 et
1279 2542 1384 2606 lorma

321 2667 387 2707 non
411 2644 516 2728 epicas
539 2641 728 2726 rhapsodias
751 2642 806 2703 sed
837 2642 937 2730 lyrica
967 2643 1110 2706 carmina
1140 2643 1289 2707 breviora
1317 2643 1386 2708 Sci·

320 2747 456 2833 pionum
481 2743 712 2830 sepulcralibus
735 2745 878 2806 versibus
900 2745 1061 2807 simillima
1086 2745 1193 2808 luisse.

346 2846 348 2848 ’
404 2849 515 2909 llestat
538 2846 633 2929 igitur
654 2847 791 2909 alterum
815 2847 893 2910 illud
918 2848 1159 2934 quaerendum,
1180 2871 1258 2910 num
1277 2849 1386 2927 value-

321 2950 382 3014 rint
406 2949 493 3011 haec
509 2949 650 3010 carmina
674 2950 713 3011 ad
745 2950 1011 3014 confundendam
1040 2951 1384 3038 corrumpendamque

320 3052 471 3116 historiae
495 3052 706 3123 memoriam,
739 3051 770 3113 id
794 3053 882 3137 quod
911 3053 1034 3116 absolvi
1062 3076 1128 3116 non
1157 3055 1292 3138 poterit,
1325 3053 1384 3116 nisi

320 3154 359 3217 ad
389 3154 588 3216 laudationes
622 3153 777 3219 funebres
815 3155 919 3218 oratio
956 3155 1137 3219 recurrerit.
1191 3157 1258 3218 Has
1289 3155 1386 3242 igitur

321 3256 473 3321 omnibus
499 3257 705 3340 temporibus
733 3255 773 3318 de
800 3254 1054 3320 honoratissimo
1081 3279 1213 3343 quoque
1235 3259 1268 3320 iu
1290 3280 1386 3345 repu-

320 3360 403 3423 blica
425 3358 495 3421 viro
509 3357 608 3420 dictas
621 3380 702 3433 esse,
725 3381 742 3420 e
755 3357 979 3443 compluribus
992 3358 1177 3442 intelligitur
1188 3360 1384 3444 scriptorum

320 3457 398 3526 loris
416 3467 463 3538 ¹⁹).
517 3459 618 3544 Quod
648 3482 728 3526 vero,
755 3482 852 3546 supra
886 3483 961 3522 cum
994 3459 1177 3542 Niebubrio
1206 3461 1385 3536 statuimus,

320 3564 465 3651 primum
494 3561 672 3625 convivalia
701 3563 845 3624 carmina
874 3573 910 3624 ut
937 3561 1068 3637 naenias
1096 3563 1128 3624 in
1156 3561 1265 3626 coenis
1292 3563 1385 3627 lune·

321 3666 433 3729 bribus
456 3665 548 3739 edita,
569 3675 644 3751 post
665 3664 792 3751 saepius
819 3665 954 3752 repetita
981 3688 1064 3742 esse,
1095 3664 1183 3730 idem
1210 3666 1251 3729 de
1276 3665 1386 3730 lauda-

320 3767 463 3830 tionibus
495 3766 754 3830 animadvertere
787 3766 875 3844 licet,
919 3779 954 3830 ut
979 3767 1124 3852 primum
1157 3767 1290 3853 quidem
1321 3790 1383 3854 pro

322 3867 434 3932 rostris
461 3878 563 3931 stante
591 3870 625 3930 in
650 3869 724 3931 soro
751 3869 881 3954 agmine
906 3869 1024 3948 dictae,
1059 3881 1135 3955 post
1166 3869 1235 3932 aliis
1269 3870 1385 3934 oblatis

322 4037 535 4051 —n—

369 4118 406 4189 ¹9)
425 4120 537 4174 Sueten.
556 4118 639 4192 Calig.
659 4142 681 4177 c.
700 4121 741 4175 16.

369 4206 405 4277 ¹⁹)
425 4207 466 4262 Cf.
485 4207 544 4261 Liv.
564 4210 599 4272 ll,
618 4210 666 4276 d'l;
690 4230 716 4264 r.
733 4210 776 4272 50,
803 4209 849 4264 ubi
871 4211 999 4267 matronis
1017 4231 1123 4284 quoque
1141 4212 1181 4281 jus
1203 4211 1384 4270 laudationum

428 4316 583 4368 concessum
599 4297 722 4365 traditur.
741 4297 782 4352 Cf.
800 4297 893 4353 Aurel.
911 4298 983 4354 Vict.
1001 4299 1035 4356 de
1052 4300 1102 4363 sir.
1118 4299 1215 4357 illustr·
1232 4321 1255 4356 e„
1268 4299 1310 4355 ⁶2
