3400 5042
841 498 890 574 ts

421 681 651 743 „Promeneroot
682 675 761 740 item
791 699 853 764 pro
885 691 1012 743 monet«
1075 677 1160 741 Fert.
1193 703 1224 767 p.
1251 686 1322 744 205.
1351 682 1390 748 cf.

340 777 440 844 Pautt.
467 802 498 866 p.
528 783 603 842 123:
636 783 792 844 „Minerva
819 779 916 858 dicta,
948 778 1037 868 quod
1066 779 1149 844 bene
1170 797 1317 847 moneat«
1351 783 1391 848 cf.

340 882 440 947 Gutb.
463 903 493 967 p.
526 887 592 946 149.
646 881 696 944 De
725 893 835 969 etymo
862 884 1029 947 Minervae
1058 905 1154 970 supra
1188 882 1309 948 dictum
1337 895 1391 959 est,

340 985 479 1072 ideoque
507 984 644 1047 verbum
673 1001 880 1068 promeneruat
902 1009 919 1049 a
941 984 1073 1048 nomine
1100 984 1179 1050 deae
1206 985 1390 1051 ducendum

340 1086 473 1180 videtur.
1228 1135 1230 1139 -

420 1193 573 1275 Prosopio
595 1185 726 1273 Quinct.
750 1189 824 1251 inst.
847 1185 938 1251 Orat.
961 1189 984 1266 Ι,
1005 1195 1034 1263 6,
1056 1195 1105 1254 411.
1138 1189 1239 1255 Pauli.
1261 1213 1293 1276 p.
1315 1195 1391 1255 2⁶26:

341 1297 511 1377 »Prosopia
541 1289 727 1379 progenies,
763 1288 795 1352 id
818 1300 866 1353 est
892 1315 983 1372 porro
1003 1296 1119 1376 sparsis
1141 1303 1172 1355 et
1193 1290 1283 1379 quasi
1305 1290 1393 1373 jactis

340 1395 457 1472 liberis,
480 1394 552 1482 quia
574 1415 690 1478 supare
712 1391 867 1478 significat
881 1393 985 1470 jacere
1002 1403 1033 1454 et
1049 1392 1219 1472 disjicere«
1241 1391 1294 1456 Cf.
1306 1392 1392 1460 Non.

341 1524 372 1586 p.
394 1505 443 1574 67,
464 1503 514 1573 28,
536 1497 561 1560 F
565 1507 622 1562 est.
644 1500 761 1580 pato:
795 1499 910 1578 »Sirpat
931 1493 1085 1580 significat
1105 1495 1179 1575 jacit
1199 1496 1285 1560 unde
1307 1501 1395 1559 dissi-

338 1617 408 1687 pat,
430 1599 546 1675 disicit,
568 1609 601 1662 et
621 1602 754 1682 obsipat,
776 1596 877 1660 obicit
898 1608 929 1660 et
950 1602 1078 1680 insipat,
1100 1603 1203 1682 inst'pit
1224 1609 1270 1661 et:
1293 1603 1392 1682 insipit

342 1705 392 1768 sar
413 1702 445 1765 in
469 1699 585 1778 assiam,
605 1699 692 1763 inicit
712 1700 762 1762 sar
783 1700 813 1762 in
837 1698 944 1763 oliam.
983 1701 1089 1763 immo
1115 1699 1287 1777 dividendi,
1307 1725 1393 1784 spar-

339 1810 430 1886 gendi
458 1801 549 1867 notio
581 1801 676 1883 hujus
709 1801 797 1865 verbi
825 1801 964 1886 genuina
991 1801 1117 1866 videtur
1144 1826 1226 1890 quae
1253 1802 1334 1866 inest
1361 1803 1393 1864 in

341 1913 423 1992 sepio
447 1904 616 1984 (secludo)
638 1931 738 1988 sepes,
772 1910 931 1988 praesepio
953 1930 1130 1990 praesepiis,
1168 1916 1199 1968 et
1225 1903 1314 1968 sicuti
1345 1931 1393 1968 se·

341 2016 420 2076 mino
441 2014 547 2094 spargi
565 2008 728 2084 dicuntur,
750 2007 791 2070 ita
811 2012 957 2098 prosapia
978 2018 1026 2070 est
1043 2012 1211 2092 progenies.

424 2116 629 2188 »Promeriom
670 2109 887 2196 praecipium,
934 2121 1063 2195 praeter
1098 2121 1222 2176 ceteros
1260 2116 1395 2175 meritum

341 2227 395 2279 aut
413 2240 468 2298 pro
491 2218 615 2278 medinm
636 2211 700 2276 hoc
722 2222 770 2275 est
787 2218 968 2296 participat,-
999 2224 1053 2276 aut
1073 2236 1135 2299 pro
1157 2212 1295 2276 indivsio
1318 2213 1395 2279 dici-

342 2341 446 2381 musss
475 2316 585 2400 Quam
602 2314 734 2402 quidem
751 2313 891 2399 glossam
909 2314 1184 2401 corruptissimam
1202 2315 1287 2380 varie
1306 2315 1394 2379 editt.

342 2419 511 2484 restituere
532 2427 697 2481 conarunt.
724 2415 836 2481 Maeli.
859 2416 1006 2481 tentavit:
1030 2444 1102 2502 »pro
1124 2413 1235 2501 μθρίᾱ
1261 2416 1327 2482 hoc
1349 2430 1396 2480 est

339 2527 520 2607 particulas
579 2522 623 2582 At
648 2519 751 2582 multo
787 2519 911 2584 facilius
945 2520 1079 2606 legitur:
1121 2525 1303 2605 prornedium
1329 2519 1394 2584 hoc

342 2638 390 2689 ost
406 2629 633 2711 participatum
655 2621 802 2709 quamvis
823 2622 1044 2709 interpretatio
1068 2623 1154 2687 Festi
1177 2623 1267 2688 nulio
1290 2624 1391 2687 modo

343 2728 490 2792 sufficiat.
541 2729 715 2790 Promerion
746 2724 873 2789 videtur
904 2724 1011 2811 potius
1034 2731 1212 2810 promerirm
1238 2750 1293 2790 seu
1324 2753 1395 2811 pro-

342 2837 462 2895 merirum
493 2831 766 2913 (pro-marium),
798 2828 886 2891 unde
920 2825 1004 2891 Cato
1035 2840 1070 2892 et
1095 2828 1251 2892 Antistius
1284 2830 1395 2892 Labeo

340 2937 528 3020 pusimeriam
556 2954 612 2994 seu
635 2936 796 3016 pomerium
824 2930 978 3006 dirivant,
1019 2929 1126 3013 (Fest.
1155 2955 1183 2993 v.
1208 2937 1396 3015 posimerinm

342 3062 374 3123 p.
396 3036 498 3119 249),
531 3032 619 3119 quod
647 3033 697 3096 alii
724 3033 839 3098 sectius
862 3057 879 3096 a
898 3038 1109 3118 postmoerium
1137 3033 1243 3113 (Fest.
1266 3034 1285 3098 1.
1308 3059 1334 3097 c.
1356 3036 1396 3097 cl'.

343 3142 450 3202 Varro
484 3137 520 3200 L.
548 3137 584 3199 L.
613 3138 654 3213 V,
689 3143 755 3201 143.
782 3159 814 3221 p.
843 3141 905 3214 55).
959 3135 1043 3198 Nam
1072 3142 1234 3220 pomerium
1264 3139 1397 3223 proprie

343 3253 390 3305 est
417 3240 507 3305 locus
534 3262 589 3302 seu
617 3237 704 3302 orbis
729 3239 921 3303 terminatus
950 3254 1023 3324 post
1051 3265 1176 3320 rsuram,
1214 3239 1268 3327 qui
1298 3240 1396 3304 finem

344 3342 458 3407 urbani
485 3340 617 3428 auspicii
645 3341 752 3419 iaciat,
787 3353 858 3406 turn
884 3353 971 3406 totus
997 3341 1086 3405 locus
1114 3365 1254 3429 agerque
1282 3343 1398 3406 assatus

343 3446 456 3510 urbani
484 3444 613 3531 auspici.
658 3444 784 3529 Quodsi
813 3448 846 3508 in
875 3445 1026 3509 omnihus
1052 3445 1335 3509 terminationibus
1356 3446 1397 3508 ab

344 3567 470 3636 utroque
501 3547 631 3612 termini
669 3559 760 3634 parte
792 3547 930 3634 spatium
968 3559 1035 3611 erat
1066 3570 1203 3611 vacuum
1240 3547 1398 3622 relictum,

344 3655 398 3731 (cf.
422 3654 577 3736 Hartung.
607 3649 677 3713 Rel.
705 3651 801 3713 Rom.
825 3651 866 3727 lt,
888 3673 920 3737 p.
942 3653 998 3730 50)
1020 3649 1052 3714 id
1075 3650 1181 3736 ipsum
1210 3649 1290 3713 Livii
1317 3649 1398 3713 haec

345 3756 441 3820 verba
464 3754 504 3818 de
527 3752 698 3816 moenibus
720 3752 858 3816 docent:
891 3755 933 3830 (1,
954 3758 1012 3834 44)
1041 3763 1096 3816 »ut
1123 3776 1229 3840 neque
1257 3759 1399 3817 interiore

345 3857 487 3923 aedificia
508 3855 680 3919 moenibus
702 3855 973 3931 continuarentur,
995 3879 1076 3942 quae
1093 3879 1178 3919 nunc
1194 3855 1290 3942 vulgo
1303 3856 1398 3919 etiam

345 3961 559 4046 conjungunt,
580 3973 610 4022 ot
627 3964 812 4022 extrinsecus
840 3957 913 4044 puri
937 3957 1057 4045 aliquid
1079 3958 1119 4021 ab
1142 3957 1288 4023 humano
1310 3959 1396 4022 cuitu

345 4074 470 4151 pateret
502 4060 592 4125 solt«
645 4061 734 4148 Ergo
764 4067 927 4146 pomerium
962 4067 1050 4139 (post
1066 4100 1079 4112 ·
1095 4066 1228 4142 maram)
1266 4069 1399 4136 interior,

344 4170 513 4244 promerion
534 4169 717 4244 (pro-muro)
739 4172 872 4229 exterior
895 4175 941 4228 est
962 4165 1052 4229 iocus
1069 4164 1122 4229 itte
1139 4155 1267 4228 assatus.
1296 4164 1398 4228 Simili

348 4268 473 4334 ratione
506 4266 596 4333 locus
628 4293 683 4334 seu
711 4290 787 4354 ager
818 4294 838 4333 a
867 4274 998 4347 pomerio
1031 4267 1171 4334 seclusus
1201 4291 1239 4333 ao
1270 4281 1399 4332 remotus
