3400 5042
813 541 883 617 1⁰7

319 723 406 788 niam
427 744 481 787 eas
502 717 708 809 potissimum
731 717 865 783 virtutes
888 717 1063 784 celebratas
1086 715 1235 801 legimus,
1257 716 1373 805 quibus

319 822 456 909 praediti
478 821 619 887 Romani
641 845 715 885 cum
738 819 921 886 fortissimis
947 819 1095 903 gentibus
1123 817 1164 882 de
1186 818 1296 885 ltaliae
1318 817 1377 882 do-

320 923 498 993 minatione
520 921 719 988 decertantes
742 920 910 987 victoriam
932 931 1098 1007 reportare
1121 920 1304 985 valuerunt:
1328 943 1376 989 se-

320 1024 490 1113 pientiem,
534 1024 772 1102 fortitudinem,
815 1022 1019 1091 honestatem
1042 1026 1095 1103 ¹⁰).
1148 1023 1244 1087 Facta
1277 1021 1375 1110 patris

320 1126 514 1192 aemulando
537 1126 676 1216 assequi,
710 1125 842 1193 laudem
870 1125 1071 1213 gloriamque
1093 1126 1255 1206 majorum
1283 1124 1377 1190 uaeri-

321 1229 359 1294 tis
387 1252 540 1317 aequare,
582 1228 749 1293 bonorum
776 1229 938 1316 optimum
965 1249 999 1291 se
1025 1227 1182 1314 praebere
1209 1227 1314 1292 virum
1342 1237 1378 1290 ut

321 1354 489 1405 summum
521 1329 662 1418 elogium
685 1330 719 1395 in
741 1330 886 1398 versibus
917 1329 978 1393 illis
1010 1329 1130 1416 passim
1162 1319 1378 1407 memoratum

321 1458 426 1522 neque
448 1433 612 1499 honorum
636 1433 946 1520 magistratuumque
968 1433 1116 1500 notitiam
1132 1456 1306 1519 rerumque
1324 1456 1377 1518 ge-

322 1549 445 1600 starum
465 1536 576 1601 titulos
599 1537 638 1600 ab
661 1535 925 1624 inscriptionibus
937 1535 1169 1623 sepulcralibus
1181 1536 1290 1599 abesse
1302 1559 1379 1622 gen-

321 1640 424 1705 tilium
457 1639 595 1726 gloriosa
627 1641 730 1725 pietas
758 1661 849 1725 passa
880 1650 937 1701 est.
992 1638 1219 1723 Quamobrem
1253 1638 1376 1702 etiamsi

323 1742 431 1830 negari
452 1766 520 1807 non
541 1753 661 1829 potest,
692 1740 795 1806 inesse
817 1742 850 1805 in
874 1741 910 1805 iis
937 1741 1069 1828 aliquod
1096 1751 1247 1804 constans
1275 1753 1307 1805 et
1328 1765 1378 1804 re·

321 1845 474 1931 petitum,
500 1856 609 1910 tamen
633 1855 664 1909 et
685 1843 835 1909 solatium
858 1843 1019 1909 moeroris
1040 1868 1057 1907 e
1079 1843 1181 1928 gloria
1202 1843 1377 1930 propinqui

322 1948 442 2013 mortui
464 1958 610 2034 captum,
643 1959 674 2010 et
695 1947 855 2035 gloriosae
881 1946 991 2011 laudes
1013 1945 1214 2033 querimonia
1237 1945 1378 2032 quadarn

222 2041 224 2045 ¹
323 2050 468 2115 davitae
490 2050 646 2115 brevitate
668 2073 844 2140 rerumque
867 2048 1085 2115 humanarum
1107 2048 1275 2135 fragilitate
1296 2048 1379 2112 miti-

322 2163 412 2238 gatee
434 2152 624 2239 gravitatem
647 2151 809 2240 quandam
834 2150 920 2217 haud
945 2151 1131 2215 indecoram
1159 2173 1235 2214 sane
1263 2152 1379 2214 verbo-

322 2279 395 2321 rum
419 2266 451 2319 et
471 2255 705 2342 cogitationum
733 2254 888 2329 efficiunt.
932 2253 1065 2318 Accedit
1092 2253 1180 2342 quod
1208 2277 1269 2342 pro
1292 2277 1379 2318 acer-

323 2358 405 2427 rimo
427 2357 557 2445 ingenio
580 2359 808 2423 Romanorum
825 2356 940 2427 ,brevia
963 2356 1045 2421 dicta
1068 2356 1253 2423 acritersibi
1277 2380 1381 2444 oppo-

324 2471 459 2538 nuntur,
481 2471 530 2541 ut:
556 2485 666 2542 magna
686 2465 837 2544 sapientia
858 2471 890 2523 et
907 2484 1005 2544 parva
1026 2475 1131 2534 adas,
1152 2481 1258 2546 neque
1281 2459 1380 2544 negli-

323 2562 427 2648 genda
448 2574 498 2627 est
518 2563 605 2629 baud
626 2587 697 2633 rara
719 2563 751 2629 in
774 2561 919 2634 versibus
941 2562 1002 2626 illis
1023 2560 1192 2626 alliteratio
1214 2573 1261 2624 ut:
1285 2568 1379 2626 victus

324 2677 372 2730 est
394 2671 510 2744 virtute,
531 2691 599 2733 non
619 2672 722 2744 honos,
742 2671 860 2745 lanruac,
881 2670 976 2731 minus
998 2664 1039 2728 sit
1054 2669 1222 2740 mandatur,
1244 2668 1382 2731 Gnaivud

320 2783 410 2851 patre
428 2786 612 2853 prognatus,
626 2776 725 2852 facile
743 2770 877 2850 factet's,
906 2772 972 2834 Hec
994 2775 1072 2854 cepit
1097 2771 1263 2846 Corsicam,
1283 2793 1380 2852 parca

320 2876 449 2954 posidet.

407 2976 495 3040 Haec
523 2973 618 3061 igitur
643 2973 785 3038 carmina
814 2973 1013 3039 Niebubrius
1041 2985 1095 3038 aut
1120 2985 1203 3036 totas
1231 2974 1382 3059 integras-

325 3100 387 3163 que
410 3076 540 3153 naenias
562 3076 754 3141 existimavit
775 3077 875 3140 fuisse
901 3077 934 3146 in
960 3077 1090 3140 illorum
1119 3077 1262 3140 virorum
1290 3077 1382 3141 sune-

325 3179 413 3245 ribus
435 3168 631 3256 decantatas,
663 3193 718 3244 aut
739 3191 827 3244 certe
850 3180 938 3244 initia
960 3204 1073 3244 earum
1090 3184 1141 3258 ¹¹).
1197 3180 1290 3264 Quae
1313 3181 1382 3266 qui-

326 3282 402 3347 dem
424 3283 726 3374 sententiaetiamsi
748 3307 808 3370 per
830 3307 864 3346 se
887 3283 980 3347 facile
999 3283 1165 3370 probetur,
1185 3295 1295 3346 tamen
1315 3306 1380 3345 non

325 3385 448 3449 avulsas
471 3385 651 3450 carminum
674 3397 796 3472 partes,
828 3384 884 3448 sed
907 3384 1029 3471 integra
1053 3408 1121 3448 esse
1143 3385 1284 3448 carmina
1307 3385 1382 3448 inde

325 3488 531 3576 conspicitur,
554 3488 643 3576 quod
665 3514 714 3554 res
735 3500 841 3574 gestae
864 3487 1009 3551 virorum
1033 3511 1146 3551 omnes
1167 3489 1199 3550 in
1221 3488 1382 3574 lapidibus

326 3591 386 3655 illis
408 3616 483 3656 curn
505 3591 601 3658 lande
623 3604 655 3656 et
676 3591 880 3679 querimonia
901 3591 1004 3676 magis
1021 3603 1262 3666 enumerantur,
1284 3614 1381 3677 quarn

327 3784 535 3792 m—

373 3879 409 3948 ¹⁰>
426 3881 470 3936 De
489 3882 638 3954 frugalitate
657 3883 775 3954 ejusdem
794 3882 920 3956 temporis
945 3883 1131 3938 animadvertit
1148 3883 1240 3936 Itanzi.
1264 3885 1339 3954 sugg.
1358 3904 1383 3954 p.

430 3971 495 4024 15⁰:
522 3971 666 4044 lsepolcri
689 3973 789 4032 trovati
803 3983 968 4028 *monstrans
987 3972 1011 4026 la
1029 3972 1151 4043 frugalius
1170 3973 1197 4025 di
1217 3971 1276 4045 quc'
1294 3973 1384 4027 secoli.

431 4058 537 4127 Queste
555 4080 620 4131 gran
640 4060 769 4133 famigha,
795 4061 870 4117 acui
889 4062 974 4118 Roma
997 4062 1100 4119 dovera
1117 4061 1143 4118 la
1160 4062 1298 4133 conquista
1320 4061 1384 4115 ‹lell'

431 4146 491 4203 Asia
509 4147 601 4204 edell’
621 4150 717 4214 Africa,
735 4171 791 4205 non
810 4148 867 4204 nso’
887 4170 951 4204 urne
970 4149 997 4204 di
1014 4171 1115 4207 marnis
1128 4170 1179 4223 'per
1196 4150 1401 4213 decuriaziones

429 4238 501 4304 delle
518 4258 564 4297 sue
580 4239 679 4297 ceneri.
730 4304 732 4311 Ι
1363 4217 1387 4313 ,s

375 4329 411 4398 ¹¹)
431 4330 511 4386 Nieb.
530 4328 602 4383 Hine
620 4329 696 4384 Rom.
715 4329 746 4382 'll
766 4330 786 4381 1.
804 4351 829 4402 p.
846 4330 907 4383 271.
926 4330 967 4384 etl.
985 4331 1010 4383 3.
1357 4322 1362 4341 ”
