3400 5042
821 544 869 616 79

320 725 460 783 Remoria
485 731 516 782 et
537 723 712 783 Remorious
740 742 816 805 ager
841 731 973 783 vocatus
1003 720 1128 784 videtur
1154 723 1238 785 Fest.
1260 746 1288 784 v.
1311 726 1369 784 Re-

320 829 449 887 murinns
475 848 548 900 ager
575 847 602 885 ν.
630 827 771 886 Rernores
799 845 830 908 p.
859 829 934 897 277,
973 822 1059 886 unde
1086 834 1186 887 lolam
1216 823 1256 886 dc
1278 829 1368 888 Remo

321 926 462 989 fabulam
485 924 628 1010 pendere
650 924 712 988 alio
735 925 807 988 loco
834 924 1057 988 demonstrare
1083 928 1288 1013 propositum
1315 939 1370 1002 est,

321 1027 503 1114 eodemque
534 1039 671 1114 spectat,
708 1028 797 1114 quod
825 1028 857 1091 in
885 1029 1120 1093 commentario
1151 1041 1259 1093 vetere
1290 1029 1369 1092 sacri

319 1129 395 1210 juris
418 1153 468 1215 ap.
493 1131 584 1193 Varc.
608 1131 642 1193 L.
667 1131 701 1194 la.
727 1133 782 1208 Vl,
804 1137 842 1194 91
867 1130 992 1217 saepius
1013 1134 1146 1218 repetita
1168 1132 1284 1216 legitur
1306 1131 1371 1194 for-

262 1243 265 1246 '
321 1231 408 1295 mula
444 1239 552 1296 or'reorn
587 1258 704 1297 moeros
737 1245 768 1296 et
799 1239 836 1297 de
867 1239 982 1298 moeris.
1052 1235 1135 1298 Sunt
1173 1258 1250 1298 vero
1291 1233 1370 1297 haec

321 1336 429 1398 omnia
452 1359 491 1398 ex
512 1335 646 1400 Etrusca
669 1336 797 1399 urbium
821 1336 1065 1400 condendarum
1094 1337 1258 1424 disciplina
1280 1359 1371 1422 repe-

320 1437 432 1516 tenda,
469 1448 501 1500 et
527 1436 658 1501 Saliaria
686 1439 783 1502 verba
806 1445 979 1524 pommelios
1007 1451 1038 1502 et
1060 1447 1228 1523 promerion
1255 1441 1369 1504 eadem

320 1540 444 1603 ratione
477 1540 536 1603 sibi
561 1539 762 1627 respondent
792 1564 855 1628 qua
879 1547 999 1626 postico
1026 1553 1058 1605 et
1083 1549 1183 1607 cantica
1210 1543 1242 1604 in
1273 1563 1371 1626 augu-

321 1642 443 1705 ralibus
463 1641 673 1706 caerimoniis.
697 1640 750 1706 Cf.
773 1668 802 1707 v.
825 1645 941 1726 effato,
960 1646 1105 1726 perfines,
1126 1645 1177 1708 Fr.
1201 1645 1262 1708 No.
1279 1651 1309 1710 8.

406 1747 559 1828 Quolibet,
581 1768 647 1831 quo
671 1750 783 1810 tibimet
805 1745 845 1810 cf.
870 1747 922 1815 Fr.
944 1746 1006 1810 No.
1029 1753 1057 1810 9.

404 1853 513 1911 Rectam
534 1850 693 1928 (beatem)
717 1849 771 1913 Fr.
795 1850 857 1913 No·
879 1856 907 1917 8.

401 1956 611 2014 Redantroare
633 1950 749 2025 dicitur
769 1951 931 2015 Saliorum
955 1951 1159 2028 carminibus,
1181 1975 1255 2014 cum
1279 1974 1370 2038 prae-

322 2052 369 2114 sul
396 2058 588 2136 ampiruavit,
630 2053 719 2138 quod
746 2065 805 2130 est,
847 2066 955 2118 motus
977 2053 1091 2129 edidit,
1134 2056 1162 2116 ei
1187 2054 1372 2116 referuntur
1451 2101 1453 2104 .

322 2155 460 2217 invicem
495 2155 581 2217 idem
614 2167 731 2218 motus.
786 2156 943 2219 Lucilius:
992 2157 1120 2243 praesul
1148 2168 1182 2218 ut
1212 2163 1371 2241 ampirrwt,

322 2257 397 2319 inde
431 2255 543 2342 vulgus
575 2262 773 2342 redamplavit
794 2269 855 2321 at«
908 2260 958 2321 Ex
986 2259 1022 2322 iis
1050 2282 1132 2345 quae
1163 2282 1260 2345 supra
1288 2259 1371 2322 dicta

322 2371 395 2422 sunt
432 2358 472 2421 de
512 2360 612 2423 verbo
650 2375 821 2445 amptroore
859 2374 994 2446 apparet
1029 2367 1267 2446 Redamptroare
1302 2385 1370 2424 esse

322 2467 553 2527 red-omb-trare
579 2462 611 2529 lt.
634 2487 660 2526 e.
688 2469 743 2527 red
756 2467 894 2542 amb-ere,
932 2463 1017 2526 unde
1045 2465 1227 2551 perfectum
1256 2486 1372 2526 sonare

321 2570 449 2650 poterat
474 2575 505 2627 et
527 2570 760 2649 redamptrunvit
777 2578 808 2631 et
825 2570 1049 2650 redamptravit.
1082 2574 1193 2653 ltaque
1211 2566 1371 2630 levissima

321 2666 501 2730 mutatione
528 2691 637 2731 versus
664 2668 776 2732 Lucilii
803 2669 890 2732 varie
915 2679 1054 2732 tentatus
1081 2668 1138 2749 (cf.
1166 2669 1276 2733 Muell.
1305 2678 1373 2735 not.

323 2769 424 2833 Gutb.
451 2793 482 2856 p.
512 2775 579 2833 152.
607 2772 730 2854 Varges
756 2770 839 2834 Mus.
868 2768 1017 2838 Rhenan.
1044 2772 1209 2857 specimen
1238 2771 1372 2855 Quaest.

323 2871 423 2934 Lucil.
451 2873 490 2940 Τ.
519 2873 575 2935 lll.
607 2894 638 2958 p.
667 2877 715 2938 62.
748 2879 810 2960 sq.)
842 2873 887 2936 sic
918 2873 1112 2937 restituitur:
1156 2873 1306 2938 »Praesul
1339 2884 1373 2935 ut

323 2989 490 3058 amptruet,
511 2973 586 3038 inde
608 2987 640 3038 et
661 2974 773 3060 vulgus
794 2981 1010 3060 redamptravit
1030 2987 1090 3039 ut«

407 3077 532 3156 Rej'riva
556 3078 638 3158 faba
669 3077 799 3157 dicitur,
829 3080 873 3150 {ut
899 3079 942 3142 ait
970 3082 1086 3142 Cincin
1113 3101 1258 3166 quoque,
1290 3102 1373 3164 quae

325 3180 364 3244 ad
398 3179 587 3244 sacrificium
626 3181 738 3261 referri
772 3180 855 3244 solet
886 3181 1023 3244 domum
1050 3206 1089 3245 ex
1114 3194 1220 3268 segete
1252 3181 1372 3266 aiaspici

324 3306 426 3360 causa,
449 3282 539 3368 quasi
562 3306 716 3347 revocans
738 3283 845 3370 fruges
868 3295 903 3346 ut
914 3283 1050 3347 domum
1073 3290 1215 3348 datantes
1236 3289 1370 3348 tevirtico

323 3387 364 3448 ad
392 3408 463 3450 rem
491 3385 633 3449 divinam
666 3385 855 3449 faciendam.
899 3393 1003 3450 Aelius
1030 3386 1166 3463 dubitat,
1198 3409 1239 3450 an
1262 3410 1297 3450 ea
1324 3386 1373 3463 sit,

325 3511 407 3574 quae
438 3487 563 3574 prolata
595 3488 628 3551 in
661 3499 802 3573 segetem
835 3488 973 3552 domum
1010 3490 1177 3570 referatur,
1218 3512 1258 3550 an
1291 3511 1373 3574 quae

323 3592 502 3671 reseraretur,
544 3590 634 3679 quod
667 3603 715 3654 est
750 3601 924 3669 torreatur,
972 3591 1028 3655 sed
1062 3591 1250 3678 opinionem
1291 3593 1377 3654 Cinci

324 3693 471 3774 adjuvat,
494 3693 582 3780 quod
604 3692 638 3755 in
660 3691 818 3756 sacrificiis
840 3695 990 3780 publicis,
1010 3717 1085 3758 cum
1103 3699 1173 3779 pole
1186 3695 1303 3776 sabata
1324 3693 1373 3756 dis

324 3796 433 3872 datur,
465 3795 652 3859 nominatur
683 3796 824 3876 refriva«
877 3798 911 3859 ln
938 3796 999 3861 hac
1024 3796 1130 3881 glossa
1153 3799 1235 3861 Fest.
1257 3820 1289 3882 p.
1311 3801 1371 3861 ‘tat

323 3919 384 3984 pro
428 3909 582 3982 corrupto
635 3902 776 3962 stanneos
823 3904 956 3963 tevirtico
1009 3899 1121 3963 Muell.
1169 3897 1372 3962 emendavit:

323 4005 439 4064 ditent:
470 4025 507 4063 eo
528 4014 575 4064 est
596 4006 724 4078 virtute,
756 4023 816 4087 ego
843 4001 947 4065 multo
973 4001 1095 4066 leviore
1115 4001 1280 4066 literarum
1301 4022 1374 4063 mu-

323 4102 445 4166 tatione
467 4101 640 4187 legendnm
663 4103 816 4166 arbitror:
845 4110 977 4168 ditantes
998 4110 1152 4168 reverticlo
1174 4108 1374 4182 (reverticula)

323 4204 365 4268 ita
388 4215 422 4267 ut
442 4203 495 4267 hic
516 4205 556 4268 sit
576 4227 702 4268 sensus:
724 4205 798 4269 leba
821 4212 921 4270 relata
941 4207 982 4270 ad
1004 4229 1074 4270 rem
1095 4206 1236 4270 divinam
1254 4205 1374 4269 sacien-

324 4305 400 4371 dam
422 4313 586 4372 reversione
608 4330 662 4371 sua
684 4306 793 4393 fruges
814 4331 979 4388 revocans,
1000 4308 1121 4396 quippe
1138 4330 1220 4396 quae
1237 4305 1374 4371 domum
