3400 5042
806 560 879 637 109

318 755 438 821 matur,
460 740 548 829 quod
570 739 702 815 Nonius¹
720 739 818 805 tradit
837 740 992 826 praebeas
1010 763 1129 816 ,eorum
1149 741 1182 805 in
1204 742 1374 806 funeribus

319 847 451 916 naenias
461 840 589 910 cantare
600 844 708 908 solitas
720 866 797 920 esse,
805 843 924 929 quibus
934 843 1112 931 propinqui
1124 867 1190 907 non
1203 857 1373 910 exstarent.

362 942 365 950 ’
401 949 495 1013 Τυηε
516 947 613 1034 igitur
634 969 736 1034 quum
758 938 915 1032 simplicia
936 946 988 1010 illa
1010 946 1151 1011 carmina
1173 947 1318 1033 lugubria
1336 972 1375 1011 ex

319 1052 433 1115 intimo
456 1050 643 1127 animorum
666 1047 846 1112 dolentium
869 1059 962 1130 motu
983 1047 1148 1135 profluere
1174 1049 1373 1126 videbantur,

320 1164 457 1217 nonest
478 1151 628 1230 dubium,
660 1150 857 1239 quinetiam
879 1150 945 1213 vim
968 1151 1132 1238 quandam
1153 1151 1242 1216 illam
1268 1153 1374 1238 poesis

319 1254 499 1320 naturalem
520 1274 558 1335 ac
584 1253 689 1319 vivam
717 1251 909 1328 habuerint;
941 1276 1023 1340 quae
1050 1254 1183 1341 quidem
1211 1253 1310 1342 lapidi
1338 1278 1374 1318 ac

320 1358 446 1444 scalpro
475 1354 626 1420 mandata
654 1355 761 1419 nescio
794 1378 835 1425 an
863 1355 903 1418 ad
931 1355 1030 1442 ipsius
1061 1356 1176 1443 lapidis
1207 1357 1372 1420 duriorem

321 1460 536 1549 constantiam
568 1458 608 1521 ab
641 1456 746 1545 aliqua
783 1469 875 1546 parte
911 1457 1116 1522 conformata
1149 1459 1198 1524 sit.
1263 1460 1373 1544 Quare

320 1565 556 1650 imperatorum
588 1572 708 1637 aetate,
752 1583 815 1646 qua
847 1560 949 1624 multa
986 1560 1069 1626 vitae
1103 1560 1203 1626 civilis
1233 1561 1375 1627 instituta

320 1676 475 1730 vetustate
507 1657 622 1728 obruta
656 1660 764 1726 denuo
787 1661 826 1726 ad
853 1662 961 1726 lucem
993 1675 1154 1750 protracta
1178 1687 1251 1728 esse
1277 1688 1375 1752 appa·

320 1779 385 1847 ret,
440 1788 542 1854 quum
579 1763 754 1852 praecipuo
791 1763 899 1829 studio
937 1764 1071 1850 Augusti
1109 1763 1221 1831 funera
1259 1790 1375 1831 ornare

322 1869 581 1956 memoriamque
602 1865 766 1930 honorare
788 1864 922 1943 vellent,
952 1879 1116 1931 senatores
1138 1868 1270 1956 quidam
1293 1871 1377 1934 inter

321 1973 380 2037 alia
403 1970 582 2058 compluria
605 1979 817 2033 censuerunt:
841 1974 996 2034 »noemma
1017 1969 1196 2034 canendam
1208 1995 1277 2035 esse
1294 1979 1377 2058 prate·

322 2081 416 2160 cipum
442 2079 542 2138 liberis
571 2075 736 2159 utriusque
763 2094 875 2134 senusa
891 2075 944 2152 ¹⁶).
993 2070 1091 2136 Unde
1117 2095 1184 2136 non
1213 2076 1376 2138 immerito

321 2177 505 2257 conjeceris,
526 2173 662 2238 vetustis
678 2171 847 2260 quondam
868 2173 1071 2260 temporibus
1090 2176 1226 2240 omnino
1239 2176 1376 2241 valuisse

321 2279 408 2342 bunc
423 2274 643 2365 honorificum
660 2277 692 2340 in
709 2273 868 2362 exsequiis
880 2275 1156 2361 amplissimorum
1168 2279 1200 2342 in
1210 2279 1376 2366 republica

321 2380 466 2444 virorum
494 2377 695 2443 celebrandis
723 2396 851 2440 morem
879 2377 965 2464 apud
993 2379 1154 2470 populum
1177 2382 1376 2446 Romanum.

322 2481 463 2555 Atenim
484 2481 609 2545 ratione
629 2479 740 2545 habita
761 2479 956 2566 reipublicae
968 2481 1147 2559 Romanae,
1169 2483 1272 2570 qualis
1283 2483 1378 2548 fuerit

321 2595 354 2649 et
373 2606 489 2671 regum
512 2595 613 2648 aetate
633 2595 668 2646 et
687 2583 796 2669 primo
816 2594 892 2668 post
913 2581 985 2646 illos
1003 2586 1126 2664 'ejectos
1141 2585 1279 2664 saeculo,
1301 2610 1378 2650 con-

322 2699 512 2751 sentaneum
540 2685 668 2775 videtur
695 2686 726 2748 in
753 2684 964 2771 patriciorum
991 2685 1067 2750 solis
1097 2686 1267 2752 funeribus
1294 2688 1377 2752 sole-

322 2789 410 2854 mnia
442 2787 494 2853 illa
527 2787 668 2852 carmina
700 2789 813 2868 jactata
836 2810 915 2852 esse
941 2786 1006 2852 illis¹
1034 2791 1247 2875 temporibus.
1289 2791 1376 2855 Nam

322 2889 444 2982 patricii
466 2889 525 2954 soli
547 2887 730 2956 honoribus
753 2888 869 2968 functi,
894 2912 929 2954 re
951 2889 1098 2955 familiari
1121 2892 1280 2979 opulenti,
1301 2916 1377 2980 gen·

322 2993 422 3061 tiliciis
443 2991 539 3061 sacris
565 2991 727 3072 conjuncti
751 3003 782 3056 et
803 3004 971 3080 sumptum
998 2993 1152 3063 funerum
1178 2994 1380 3080 impendere,

323 3108 355 3160 et
369 3117 453 3158 ¹vero
476 3094 582 3180 elogio
598 3096 746 3183 ¹carmine
769 3093 940 3160 efferendo
969 3094 1078 3159 locum
1099 3097 1258 3182 praebere
1278 3121 1377 3184 posse

322 3197 529 3284 videbantur,
570 3220 645 3260 curn
671 3196 790 3282 plebeii
819 3221 835 3261 a
865 3197 1101 3284 magistratibus
1129 3197 1376 3287 honoribusque

321 3298 459 3388 publicis
479 3297 650 3388 prohibiti,
682 3322 765 3363 nexu
793 3312 824 3362 et
850 3323 925 3365 aere
951 3299 1056 3364 alieno
1084 3302 1245 3388 oppressi,
1276 3304 1378 3387 genti·

322 3403 391 3471 licia
413 3399 625 3488 amplitudine
647 3412 802 3479 carentes,
824 3402 876 3465 vix
897 3415 1030 3488 possent
1051 3402 1147 3467 aliam
1169 3427 1206 3468 ac
1228 3403 1269 3467 de
1290 3405 1378 3491 ipso·

322 3525 397 3570 rum
423 3503 561 3568 miseriis
593 3503 742 3568 naeniam
774 3504 1032 3593 cantilenarnque
1065 3517 1202 3570 cantare.
1253 3507 1378 3570 Mutata

323 3606 455 3697 quidem
477 3629 528 3670 res
550 3616 597 3670 est
618 3603 672 3667 ubi
694 3604 901 3690 plebeiorum
922 3619 1033 3694 gentes
1054 3609 1094 3671 ad
1112 3632 1226 3695 parem
1238 3609 1378 3695 patriciis

322 3709 545 3775 auctoritatem
567 3707 812 3796 potentiamque
839 3720 967 3774 evectae
994 3711 1127 3774 eosdem
1155 3710 1213 3774 sibi
1235 3710 1378 3774 honores

323 3824 417 3900 atque
443 3813 511 3893 jura
541 3821 768 3899 arrogarunts
789 3813 910 3874 mansit
935 3824 1058 3889 tamen,
1090 3825 1124 3876 ut
1150 3815 1182 3876 in
1211 3814 1377 3878 funeribus

323 3914 517 3979 translatitiis
537 3936 644 4000 neque
666 3911 763 3976 tibiae
785 3911 1026 3991 adhiberentur,
1048 3938 1153 4003 neque
1175 3917 1288 3980 naenia
1306 3939 1379 3981 can-

323 4027 459 4094 taretur,
491 4014 576 4079 uude
600 4026 631 4078 et
653 4020 748 4078 tacita
770 4028 844 4079 sunt
870 4015 1038 4104 appellata.
1082 4017 1198 4103 Neque
1224 4016 1379 4082 hocerat

370 4266 405 4334 ¹⁶)
425 4267 535 4321 Sueton.
554 4266 650 4328 Oeten.
670 4287 692 4322 c.
712 4266 769 4322 1⁰0.
