3400 5042
840 510 867 587 9

324 700 446 757 rentur.
478 689 568 756 lnter
587 686 646 753 has
667 685 764 773 igitur
786 682 964 752 Carmenta
984 685 1193 775 potissimum
1215 698 1379 779 otpertus

324 791 521 857 feminarum
554 790 647 868 tueri,
681 800 713 854 et
744 787 853 853 futura
882 788 992 853 divino
1019 787 1132 853 inflatu
1163 812 1378 877 praemonere

325 893 499 982 putabatur
507 909 517 977 3
540 892 571 956 id
595 891 685 980 quod
707 889 882 956 Plutarcho
903 890 1024 978 duplex
1051 889 1281 980 diversumque
1307 915 1379 957 mu-

325 1019 384 1060 nus
416 996 521 1059 visum
553 1005 617 1074 est,
649 991 700 1059 ab
723 992 792 1058 aliis
829 992 947 1058 dicenti
979 993 1066 1058 illam
1098 988 1232 1078 μοίραν
1255 988 1380 1079 κυρίαν

324 1077 538 1182 ἀνθρώπων
561 1092 731 1176 γενέσεως
742 1093 944 1183 appellatam
957 1119 1035 1174 esse,
1046 1097 1087 1160 ab
1105 1095 1174 1160 aliis
1184 1095 1378 1185 fatiloquam
1471 1147 1472 1150 η

323 1223 431 1266 anuas.
475 1201 587 1286 lpsum
609 1222 688 1263 vero
709 1220 831 1262 nomen
855 1194 1066 1276 Carmentae,
1092 1199 1182 1280 cujus
1209 1197 1378 1285 originem,

323 1313 359 1368 ut
379 1301 484 1368 solent
505 1300 651 1378 omnino,
673 1299 874 1388 grammatici
897 1299 972 1365 satis
994 1302 1103 1388 inepte
1124 1299 1379 1390 interpretantur

323 1406 356 1468 in
377 1403 488 1493 aprico
510 1415 559 1468 est
579 1403 667 1469 idem
689 1427 725 1468 ac
748 1407 905 1468 Camenam
931 1426 989 1467 seu
1002 1408 1175 1468 Casmenam
1196 1426 1272 1481 esse,
1294 1406 1377 1485 ejus-

322 1506 398 1572 dem
418 1505 525 1594 stirpis
545 1518 642 1596 atque
662 1533 770 1572 canere
784 1519 816 1571 et
833 1511 1000 1572 Canentem.
1034 1507 1146 1595 ltaque
1162 1506 1377 1572 vetustissima

324 1609 478 1696 religione
502 1614 672 1685 Carmenta,
696 1614 833 1686 Camena,
857 1614 974 1673 Canem
1002 1607 1089 1673 idem
1117 1632 1239 1672 numen
1260 1608 1378 1696 signifi-

323 1725 445 1790 carunt,
465 1724 540 1799 post
561 1713 669 1776 divisis
696 1713 886 1787 muneribus
914 1710 1091 1775 Carmenta
1121 1713 1153 1774 in
1179 1723 1274 1799 partu
1306 1737 1377 1776 rnu-

324 1815 439 1879 lierum
461 1839 615 1901 praesens
642 1840 720 1894 esse,
753 1814 974 1896 Camenarum
1007 1839 1086 1879 vero
1119 1815 1286 1881 communi
1319 1839 1378 1878 no·

321 1918 409 1982 mine
431 1917 605 2005 fatiloquae
627 1919 699 1982 illae
722 1918 801 1982 deae
825 1917 874 1982 vel
897 1918 1037 1982 feminae
1060 1930 1095 1983 ut
1122 1917 1245 1995 Tacita,
1273 1921 1377 2004 Aege-

236 2035 239 2042 '
321 2021 376 2098 ria,
397 2019 671 2100 Fatua,-Canens,
701 2022 818 2100 Fauna,
846 2021 995 2087 Saturnia
1022 2019 1200 2108 appellatae
1233 2044 1300 2085 esse
1333 2020 1378 2085 vi-

323 2124 453 2201 dentum
475 2123 564 2188 sicuti
588 2123 688 2188 estin
711 2123 946 2210 elegantissimo
969 2123 1214 2209 epigrammate:

608 2225 753 2291 Cunctae
775 2225 872 2313 igitur
893 2224 1058 2291 Camenae

607 2327 796 2394 Fonticolae
817 2328 954 2417 puellae,

611 2431 706 2516 Quae
729 2430 840 2497 canitis
863 2431 922 2495 sub
945 2430 1043 2495 antris

606 2532 783 2598 Mellifluos
804 2533 964 2598 Sonores“
987 2535 1025 2614 ⁴).

405 2639 495 2703 Cum
526 2637 588 2700 hac
611 2635 833 2701 Camenarum
866 2637 896 2699 vi
930 2649 962 2700 et
993 2633 1225 2722 significatione
1253 2635 1377 2722 optime

321 2743 470 2828 congruit
495 2740 653 2827 genuinus
681 2739 772 2804 verbi
800 2739 952 2804 carminis
984 2761 1106 2816 sensus,
1139 2737 1260 2825 quippe
1288 2739 1378 2827 quod

321 2869 419 2909 omne
453 2843 576 2908 dictum
609 2866 684 2906 cum
716 2841 872 2928 religione
900 2839 951 2906 vel
978 2841 1108 2906 scientia
1136 2840 1287 2904 divinitus
1318 2863 1379 2928 per

324 2948 472 3012 furorem
510 2945 684 3010 hominurn
716 2945 830 3009 animis
861 2944 1018 3008 insinuata
1052 2943 1174 3008 editum
1210 2942 1379 3030 significet;

321 3050 407 3115 unde
440 3061 473 3113 et
504 3047 647 3135 magicae
679 3049 913 3112 incantationes
946 3058 978 3111 et
1019 3047 1098 3110 sacri
1132 3045 1212 3127 juris
1252 3046 1378 3110 formu·

320 3155 369 3217 lae
399 3163 431 3217 et
460 3151 598 3216 deorum
626 3149 905 3238 comprecationes
937 3149 1080 3215 carmina
1113 3160 1188 3213 sunt
1208 3149 1377 3236 appellata.

320 3259 394 3321 Una
416 3278 519 3342 quum
545 3265 660 3340 poetae
688 3276 819 3341 quoque
842 3252 993 3317 divinitus
1014 3251 1211 3316 inflammari
1232 3251 1379 3314 videren-

320 3371 389 3436 tur,
422 3357 520 3421 ctiam
542 3355 662 3420 horum
690 3379 802 3420 versus
830 3357 972 3421 carmina
1000 3367 1076 3420 sunt
1102 3365 1224 3420 vocata.
1268 3355 1378 3438 Quem

320 3463 415 3526 luisse
437 3459 534 3548 vulgo
556 3481 666 3523 revera
690 3455 913 3525 Camenarum
936 3471 968 3523 et
987 3458 1172 3525 carminum
1193 3458 1259 3521 vim
1281 3457 1378 3522 etiam

319 3589 358 3630 ex
380 3563 505 3628 Horatii
527 3560 672 3626 versibus
693 3561 863 3648 colligitur,
883 3562 938 3625 ubi
962 3561 1108 3649 queritur
1128 3559 1290 3648 populum
1312 3561 1378 3623 Ro-

319 3689 454 3731 manum
480 3689 539 3730 suo
566 3676 716 3752 ternpore
743 3664 907 3730 fautorem
939 3664 1137 3753 antiquitatis
1163 3674 1230 3726 tam
1257 3661 1379 3726 studio-

320 3793 392 3834 sum
415 3793 492 3846 esse,
514 3779 549 3833 ut
570 3767 743 3832 duodecim
768 3767 910 3845 tabulas,
936 3791 1051 3854 regum
1079 3765 1223 3844 loedere,
1248 3764 1378 3852 pontifi-

321 3896 395 3937 cum
418 3872 530 3949 libros,
552 3882 664 3935 vatum
686 3893 807 3935 annosa
824 3869 990 3935 volumina
1012 3896 1029 3935 a
1055 3867 1209 3936 Camenis
1231 3868 1263 3931 in
1287 3891 1378 3932 sacro

371 4142 395 4213 ⁴)
419 4143 460 4198 Cf.
477 4143 622 4197 Burmann.
641 4140 753 4196 Authol.
772 4140 830 4195 Lat.
853 4139 912 4195 Lib.
936 4143 955 4194 1.
974 4140 1063 4213 Epigr.
1087 4139 1195 4192 LXXV.
1216 4161 1243 4212 p.
1266 4140 1310 4192 31.
1347 4140 1379 4192 ln

423 4230 597 4286 Camenarum
626 4250 739 4287 nurnero
764 4231 843 4286 etiarn
872 4229 1107 4302 Querquetulauae
1132 4229 1205 4287 virae
1237 4225 1377 4283 habendae

421 4333 493 4377 sunt.
511 4319 583 4383 Fat.
601 4341 627 4394 p.
644 4319 704 4379 261.
724 4318 767 4376 ad.
786 4321 820 4375 Κ.
841 4320 878 4376 0.
895 4317 1020 4377 Mueller.
