3400 5042
812 560 886 632 113

319 756 410 799 suam
433 744 571 798 aetatem
599 733 632 795 in
660 731 763 818 epulis
793 735 942 797 cantitata
965 758 982 797 a
1010 733 1142 820 singulis
1168 731 1311 797 convivis
1338 731 1380 797 de

321 836 483 899 clarorum
495 835 638 898 virorum
650 833 807 912 laudibus,
829 837 862 900 in
876 835 1066 922 Originibus
1078 835 1235 921 scriptum
1248 834 1380 921 reliquit

320 935 440 1002 Catol«
464 937 542 1020 Quo
564 935 698 1022 quidem
711 937 813 1000 eloco
830 961 993 1024 apparere,
1014 936 1155 1002 carmina
1172 959 1255 1023 quae
1271 934 1381 1000 multis

319 1052 394 1103 ante
421 1038 557 1102 saeculis
583 1036 733 1103 cantitata
762 1039 911 1104 dicantur
937 1064 955 1104 a
978 1036 1121 1116 Catone,
1153 1040 1251 1102 eliam
1278 1037 1379 1102 desita

320 1163 387 1205 esse
410 1139 532 1203 cantari
555 1138 692 1202 totidem
716 1141 817 1218 annis,
840 1165 876 1205 ea
900 1141 940 1205 de
962 1163 1057 1204 causa
1070 1150 1166 1226 negat
1176 1139 1380 1204 Petersenius

320 1241 408 1329 quod
433 1264 475 1328 se
494 1240 642 1326 intelligit
668 1241 727 1305 sibi
757 1242 884 1319 deesse,
916 1242 940 1306 si
964 1239 1127 1306 Catonern
1157 1253 1192 1305 ut
1218 1241 1259 1305 de
1286 1264 1380 1306 more

319 1341 515 1428 jampridem
542 1354 700 1406 vetustate
729 1343 856 1430 sepulto
884 1343 974 1431 loqui
1002 1343 1211 1419 concesserit,
1241 1343 1380 1408 Fabium

319 1445 489 1531 aequalem
519 1445 586 1524 ejus
613 1443 674 1508 hos
701 1446 948 1532 cantusipsum
976 1446 1134 1510 audivisse
1160 1444 1381 1509 affirmaverit.

320 1550 362 1610 At
384 1568 504 1609 errasse
528 1544 619 1609 illum
641 1549 708 1626 jam
730 1569 827 1632 supra
852 1548 884 1610 in
906 1547 1055 1635 Dionysii
1087 1548 1159 1611 loco
1188 1546 1380 1634 explicando

321 1647 583 1710 demonstratum
606 1659 667 1722 est;
688 1670 749 1710 nec
771 1670 853 1735 opus
876 1671 944 1712 esse
965 1648 1093 1713 videtur
1103 1659 1159 1714 aut
1179 1671 1295 1712 sanum
1317 1646 1380 1711 loci

321 1746 525 1812 Ciceroniani
565 1771 696 1812 sensum
729 1748 948 1838 distorquere,
987 1761 1043 1814 aut
1074 1749 1192 1814 Catoni
1224 1748 1380 1836 ineptiam

320 1847 448 1913 dicendi
471 1847 642 1934 imputare.
680 1920 682 1924 ,

403 1948 551 2015 Canendi
574 1949 607 2013 in
629 1950 732 2037 epulis
754 1952 808 2039 qui
830 1951 928 2017 luerit
948 1952 1076 2030 modus,
1100 1952 1238 2039 explicat
1260 1949 1380 2016 Cicero

321 2051 582 2116 Tusculanarum
606 2051 844 2135 Quaestionum
867 2053 950 2130 loco,
972 2054 1027 2117 ubi
1051 2065 1083 2117 et
1104 2051 1327 2140 Pythagoreos
1348 2063 1382 2116 et

319 2153 464 2217 Numam
488 2152 604 2216 favisse
626 2153 733 2216 cantui
755 2151 941 2240 fidibusque
963 2155 1112 2241 exposuit
1122 2159 1167 2233 ⁴):
1201 2152 1382 2218 »Gravissi-

321 2278 393 2318 mus
416 2265 529 2319 auctor
550 2254 582 2318 in
606 2252 796 2338 Originibus
818 2254 897 2319 dixit
919 2254 1018 2334 Cato,
1049 2278 1179 2320 morem
1205 2253 1292 2340 apud
1313 2277 1382 2318 ma·

318 2359 404 2437 jores
426 2355 514 2419 hunc
537 2356 706 2443 epularum
730 2356 835 2432 luisse,
858 2368 893 2420 ut
915 2357 1078 2444 deinceps,
1100 2359 1155 2444 qui
1176 2355 1382 2434 accubarent,

320 2467 475 2521 canerent
496 2457 536 2521 ad
558 2457 672 2522 tibiam
695 2458 858 2521 clarorum
886 2459 1033 2522 virorum
1059 2457 1170 2522 laudes
1196 2469 1293 2544 atque
1319 2457 1382 2521 vir·

319 2571 418 2635 tutes,
451 2582 490 2622 ex
512 2581 578 2647 quo
600 2559 809 2646 perspicuum
832 2571 896 2636 est,
929 2572 961 2623 et
982 2571 1095 2624 cantus
1117 2571 1188 2623 tum
1211 2557 1310 2622 luisse
1331 2581 1382 2622 re·

320 2660 457 2746 scriptos
478 2683 596 2724 vocum
619 2661 707 2724 sonis
729 2671 761 2724 et
781 2662 934 2725 carmina.
968 2660 1180 2748 Quamquam
1201 2658 1233 2723 id
1246 2658 1382 2748 quidem

321 2762 418 2828 etiam
436 2764 497 2827 Xll
515 2761 643 2827 tabulae
666 2761 839 2840 declarant,
862 2761 958 2826 condi
979 2763 1139 2844 jamtum
1160 2760 1294 2826 solitum
1311 2783 1381 2825 ease

322 2886 483 2927 carmena
555 2863 668 2928 Paullo
707 2864 798 2928 aliter
835 2866 942 2927 Varro
982 2863 1117 2929 canendi
1155 2863 1294 2927 modum
1327 2861 1382 2926 de-

321 2965 506 3051 scripsit⁶):
535 2967 592 3028 »ln
616 2964 770 3029 conviviis
791 2964 884 3051 pueri
905 2964 1045 3029 modesti
1067 2964 1228 3046 (aderant)
1249 2978 1286 3030 ut
1306 2988 1383 3030 can·

320 3077 426 3130 tarent
447 3067 589 3130 carmina
612 3067 752 3154 antiqua,
775 3066 942 3154 inquibus
962 3057 1074 3131 laudes
1096 3079 1188 3132 erant
1207 3068 1382 3148 majorum,

322 3181 354 3232 et
375 3192 442 3234 assa
465 3192 545 3233 voce
568 3179 600 3232 et
620 3191 695 3232 cum
717 3167 847 3232 tibicine
856 3195 884 3243 ;«
907 3171 957 3231 cui
980 3169 1053 3233 loco
1065 3192 1170 3256 paene
1181 3169 1381 3233 contrarium

322 3283 378 3349 est,
400 3270 489 3358 quod
512 3270 552 3333 de
575 3269 692 3334 eadem
713 3295 747 3334 re
765 3269 915 3334 Valerius
938 3270 1101 3343 Maximus
1121 3271 1270 3351 tradit⁸):
1293 3271 1383 3334 »Ma-

321 3374 405 3448 iores
427 3383 506 3436 natu
530 3370 561 3434 in
584 3371 740 3444 conviviis
762 3370 802 3434 ad
824 3371 919 3434 tibias
941 3372 1065 3457 egregia
1088 3371 1293 3458 superiorum
1316 3395 1383 3438 car·

321 3474 411 3539 mine
433 3470 671 3561 comprehensa
694 3471 887 3559 pangebant,
909 3495 975 3558 quo
998 3472 1038 3537 ad
1056 3496 1093 3537 ea
1105 3471 1261 3538 imitanda
1270 3475 1383 3554 juven-

320 3585 424 3639 tutem
446 3574 639 3639 alacriorem
660 3574 865 3641 redderent«

405 3677 495 3761 Quid
517 3675 650 3740 tandem
672 3674 856 3763 putandum
879 3675 919 3738 de
941 3673 1260 3750 haccontrouersia,
1292 3671 1382 3760 quod

321 3777 408 3866 apud
430 3778 569 3842 alterum
591 3777 684 3864 pueri
705 3775 845 3841 modesti
869 3789 1003 3853 canunt,
1035 3777 1122 3864 apud
1144 3775 1283 3841 alterum
1304 3785 1381 3839 natu

381 4038 407 4110 ⁸)
426 4043 564 4097 Peterson.
584 4042 677 4114 Origg.
694 4042 755 4098 hiet.
773 4044 851 4097 Rom.
869 4063 895 4116 p.
913 4044 938 4097 b.

382 4126 407 4199 ⁴)
426 4127 483 4185 cic.
501 4129 579 4185 Tusc.
599 4130 711 4200 Quaeat.
730 4129 777 4194 lV,
794 4131 819 4182 2,

383 4215 408 4287 ⁶)
427 4217 515 4273 Varro
533 4236 575 4291 ap.
592 4217 665 4273 Non.
683 4236 708 4270 r.
728 4235 878 4272 macroce.
897 4235 955 4291 cap:
969 4217 995 4283 8,
1012 4236 1040 4291 p.
1057 4216 1100 4271 74.

382 4301 409 4374 ⁶)
426 4300 516 4362 Valar.
535 4302 609 4360 Max.
628 4302 667 4370 ll,
684 4301 709 4369 l,
728 4300 769 4358 1⁰.
