3400 5042
835 561 908 637 loo

318 740 461 806 marilias
481 738 545 804 hoc
563 738 636 802 loco
648 737 808 825 persequi,
830 737 937 825 ipsum
954 738 1094 803 afferam
1107 736 1276 804 Ciceronis
1288 737 1398 804 locum
1502 755 1504 760 '

339 843 380 906 ita
411 842 614 927 scriptum⁴).
670 839 759 902 »Nec
786 839 937 904 dubitare
962 839 1135 916 debemus,
1173 839 1252 926 quin
1277 839 1400 904 fuerint

338 955 410 1014 ante
435 945 618 1007 Homerum
641 952 773 1028 poetae:
806 941 895 1028 quod
919 965 958 1005 ex
979 940 1016 1004 iis
1038 940 1236 1005 carminibus
1263 940 1398 1028 intelligi

337 1056 454 1132 potest,
477 1066 560 1131 quae
583 1042 670 1128 apud
692 1041 785 1105 illum
808 1053 839 1107 et
860 1042 892 1107 in
909 1041 1093 1107 Phaeacum
1117 1052 1148 1105 et
1169 1043 1201 1105 in
1215 1041 1397 1106 Procerum

336 1145 438 1234 epulis
460 1154 628 1210 canuntur.
657 1141 770 1228 Quid?
801 1143 904 1208 nostri
925 1154 1049 1210 veteres
1071 1166 1182 1209 versus
1203 1143 1258 1208 ubi
1281 1143 1378 1213 sunt‘l

552 1267 676 1332 ··quos
699 1244 777 1308 olim
801 1245 904 1309 Fauni
927 1257 1081 1333 vatesque
1103 1245 1270 1323 canebant,

439 1345 526 1411 Cum
549 1369 655 1435 neque
667 1347 839 1410 Musarum
862 1347 1014 1433 scopulos
1033 1349 1203 1434 quisquam
1221 1363 1397 1436 superarat,

439 1450 511 1512 Nec
533 1448 608 1512 dicti
633 1447 795 1511 studiosus
819 1459 906 1511 erat·
920 1471 974 1499 ··«

419 1550 573 1637 Sequitur
594 1549 717 1612 ibidem
740 1549 780 1612 de
803 1549 900 1611 Ennii
923 1549 1102 1635 Naeviique
1124 1552 1329 1636 temporibus
1351 1553 1398 1618 di-

337 1653 487 1740 sputatis,
510 1663 542 1715 et
558 1651 598 1714 de
616 1652 811 1715 carminibus
828 1651 1049 1715 convivalibus
1065 1666 1278 1717 memoratur.
1308 1656 1397 1721 llaec

337 1755 455 1819 deinde
478 1766 553 1817 sunt
581 1755 701 1817 verba:
735 1765 864 1817 »tamen
893 1754 996 1829 illius,
1027 1776 1125 1841 quern
1154 1757 1186 1818 in
1212 1756 1338 1821 vatibus
1364 1770 1397 1822 et

336 1857 453 1922 Faunis
476 1866 669 1921 annumerat
689 1853 831 1934 Ennius,
863 1855 988 1919 bellurn
1017 1856 1176 1919 Punicum
1205 1859 1294 1945 quasi
1322 1860 1397 1949 My-

336 1960 426 2024 ronis
449 1981 531 2045 opus
554 1957 700 2025 delectat.
738 1957 787 2021 Sit
809 1958 935 2022 Ennius
957 1980 1043 2033 sane,
1065 1969 1100 2020 ut
1122 1970 1177 2035 est,
1198 1961 1395 2047 perlectior:

338 2062 392 2150 qui
416 2061 442 2125 si
465 2060 571 2138 illum,
603 2070 639 2122 ut
660 2058 797 2137 simulat,
819 2071 1058 2137 contemneret,
1091 2082 1157 2124 non
1181 2063 1289 2126 omnia
1310 2064 1396 2128 bella

335 2186 533 2251 persequens
563 2162 706 2249 primum
741 2160 822 2224 illud
849 2161 1009 2225 Punicum
1042 2165 1238 2227 acerrimum
1271 2165 1395 2230 bellum

336 2266 523 2353 reliquisset.
567 2262 630 2327 Sed
654 2264 723 2349 ipse
746 2261 836 2339 dicit,
869 2286 928 2326 cur
948 2262 981 2326 id
1003 2263 1119 2328 faciat:
1152 2265 1327 2353 scripsere,
1348 2250 1396 2332 in..

336 2367 415 2456 quit,
436 2367 487 2430 alii
511 2387 581 2429 rem
604 2364 748 2428 versibus
760 2370 800 2443 ⁴)·
814 2397 841 2414 ··

375 2524 377 2526 ,
416 2469 467 2532 Ex
488 2467 553 2531 boc
574 2465 670 2550 igitur
691 2466 764 2530 loco
787 2468 971 2546 conjectum
987 2471 1054 2545 cst,
1075 2468 1235 2534 Naevium
1257 2471 1289 2535 in
1311 2473 1396 2538 Fau·

335 2593 453 2635 norum
475 2580 652 2656 vatumque
675 2589 814 2631 numero
837 2567 950 2631 baberi
972 2569 1013 2632 ab
1025 2569 1143 2647 Ennio,
1165 2583 1313 2637 veterum
1335 2574 1394 2639 sci-

335 2672 410 2736 licet
428 2670 642 2736 Phemiorum
665 2693 701 2733 ac
720 2670 990 2734 Demodocorum
1008 2671 1094 2758 apud
1112 2672 1291 2752 Romanos,
1313 2698 1395 2764 quo-

337 2798 409 2838 rum
433 2796 500 2837 non
522 2771 620 2836 verba
643 2770 791 2859 quidem,
813 2772 870 2835 sed
893 2771 958 2834 vim
981 2773 1172 2859 expresserit
1194 2776 1237 2861 Q.
1260 2778 1394 2843 Ennius.

336 2876 386 2940 Ad
418 2875 569 2951 (eundem
608 2895 740 2936 versum
777 2873 1012 2938 enucleandum
1058 2877 1164 2939 Varro
1203 2877 1243 2942 de
1275 2879 1395 2944 Faunis

335 2979 428 3041 dicit:
461 2977 542 3040 »hos
565 2976 711 3039 versibus
739 2997 821 3062 quos
848 2988 968 3038 vocant
995 2977 1163 3042 Saturnios
1190 2979 1223 3043 in
1244 2980 1395 3045 silvestri-

335 3083 394 3144 bus
416 3080 495 3143 l'ocis
517 3079 671 3142 traditum
695 3088 743 3141 est
765 3077 823 3139 lari
848 3077 971 3155 lutura,
1004 3101 1020 3141 a
1043 3101 1109 3165 quo
1132 3081 1233 3145 lando
1262 3083 1394 3148 Faunos

334 3184 446 3247 dictos.
499 3181 662 3266 Antiquos
694 3190 807 3266 poetas
840 3190 927 3243 vates
958 3182 1167 3268 appellabant
1198 3209 1214 3248 a
1247 3187 1394 3251 versibus

335 3284 458 3349 viendis
472 3290 526 3361 6).«
570 3281 730 3345 Varronis
752 3281 849 3367 igitur
869 3282 987 3363 judicio
1009 3283 1108 3347 Ennii
1129 3290 1233 3351 Fauni
1251 3305 1394 3374 vatesque

334 3387 541 3473 apruesondo
562 3386 676 3465 sutura
701 3384 863 3458 versibus,
901 3407 969 3448 non
997 3387 1038 3448 ab
1067 3389 1164 3474 epicis
1195 3392 1393 3456 carminibus

335 3513 457 3553 nomen
481 3497 654 3552 traxerunt.
688 3485 752 3549 Sed
772 3487 875 3549 multo
894 3489 1037 3572 optimus
1055 3489 1172 3554 exstitit
1190 3492 1257 3578 ipse
1275 3491 1392 3558 Cicero

334 3592 430 3672 liujus
457 3613 570 3655 versus
592 3589 764 3674 interpres,
799 3589 853 3676 qui
883 3589 925 3659 ita
954 3590 1099 3676 scripsit:
1134 3595 1282 3659 »Eodem
1305 3598 1392 3661 enim

336 3695 437 3758 modo
458 3693 560 3756 multa
583 3715 600 3754 a
623 3691 870 3755 vaticinantibus
887 3710 982 3778 saepe
998 3695 1160 3780 praedicta
1179 3711 1264 3776 sunt,
1286 3724 1392 3787 neque

334 3796 442 3859 solum
464 3795 583 3870 verbis,
606 3794 662 3858 sed
686 3793 800 3857 etiam:

456 3897 612 3960 Versibus
635 3919 717 3982 quos
740 3896 818 3958 olim
842 3896 945 3960 Fauni
967 3911 1120 3987 vatesque
1143 3905 1309 3973 canebant.

389 4136 413 4204 ⁴)
433 4135 489 4190 Cic.
507 4137 605 4191 Brutus
623 4158 645 4190 c.
667 4137 706 4190 18.

391 4221 415 4288 ³)
436 4224 521 4280 Varro
541 4225 570 4277 L.
590 4224 618 4276 L.
639 4220 699 4287 Vll,
717 4224 760 4277 36.
779 4244 802 4294 p.
823 4224 881 4277 134.
