3400 5042
811 530 884 612 let

319 708 566 798 praegnantium
593 707 717 774 ratione
746 732 764 773 e
786 707 901 789 iambis
928 718 961 773 et
986 706 1147 774 trochaeis
1174 712 1379 777 concrevisse

319 822 352 876 et
379 811 533 877 coaluisse
559 807 716 874 videatur.
772 811 807 876 ln
837 809 990 875 omnibus
1021 809 1176 875 nimirum
1209 811 1380 877 cantilenis

321 913 550 977 Romanorum
589 910 802 998 popularibus
835 911 915 977 duas
948 911 1146 991 cantantium
1183 924 1289 1000 partes
1322 924 1382 978 aut

320 1013 439 1080 choros
473 1011 639 1077 universos
678 1023 733 1076 aut
765 1011 909 1099 singulos
941 1010 1089 1079 homines
1122 1024 1216 1103 agere
1250 1013 1380 1104 sibique

321 1125 489 1180 occentsrs
510 1112 812 1190 animadvertimus,
845 1135 986 1202 quorum
1013 1114 1102 1181 alteri
1128 1138 1257 1204 semper
1278 1136 1381 1206 quse·

321 1213 419 1281 rentis
445 1213 494 1280 vel
523 1213 692 1292 efficentia,
731 1214 821 1279 alteri
855 1215 1080 1303 respondentis
1108 1215 1159 1283 val
1191 1215 1382 1307 explicantis

319 1338 457 1384 munera
483 1315 574 1403 fungi
603 1315 850 1405 quodammodo
883 1315 1041 1383 videntur.
1094 1316 1148 1383 Sic
1173 1317 1206 1384 in
1233 1314 1381 1385 carmine

320 1419 455 1485 fratrum
480 1416 645 1483 Arvalium
668 1417 761 1499 huius
783 1441 916 1483 versus:

441 1571 553 1635 Enos
576 1569 675 1636 Lases
701 1570 825 1649 juvate!
870 1569 897 1633 E
920 1592 980 1632 nos
1008 1569 1107 1634 Lases
1129 1574 1253 1650 juvate!
1292 1575 1294 1578 ’

319 1720 464 1809 priorem
496 1730 624 1806 partem
652 1719 693 1782 ab
723 1718 821 1782 altera
854 1730 946 1805 parte
981 1719 1072 1784 chori
1105 1719 1380 1787 decantatam'ab
1449 1708 1451 1711 Ι

320 1822 418 1887 altera
441 1820 667 1909 posteriorem,
689 1820 850 1909 similique
872 1823 997 1886 ratione
1019 1821 1136 1888 milites
1158 1824 1191 1887 in
1201 1823 1381 1913 triumphis

320 1922 462 2010 singulos
500 1947 611 1988 versus
648 1922 832 1989 dimidiatos
869 1925 1072 1990 occentando
1109 1927 1242 2006 jactasse
1278 1951 1379 2015 supra

319 2027 528 2092 observatum
550 2037 604 2090 est.
629 2027 691 2091 Pro
712 2023 775 2090 hac
795 2025 893 2113 igitur
914 2026 983 2091 viva
1006 2051 1043 2092 ac
1064 2027 1201 2095 naturali
1223 2053 1379 2095 versuum

318 2127 527 2217 popularium
554 2128 679 2192 scenica
713 2127 837 2193 actione
868 2141 1122 2194 consentaneum
1151 2143 1231 2210 erat,
1266 2131 1379 2219 priore

320 2254 434 2296 eorum
456 2241 546 2320 parte
568 2235 743 2295 numerum
766 2231 954 2297 Saturnium
975 2232 1169 2312 increscere,
1201 2232 1299 2299 altera
1322 2234 1380 2300 de·

320 2346 478 2411 crescere,
499 2331 586 2397 unde
607 2331 660 2397 hic
681 2331 824 2399 trochaei
848 2332 911 2399 illic
932 2334 1038 2399 iambi
1050 2334 1257 2423 prodierunt,
1277 2346 1380 2423 prout

319 2434 519 2524 grammatici
540 2433 688 2522 plerique
710 2445 899 2504 statuerunt.
1182 2446 1184 2452 '

355 2650 359 2658 ·
403 2622 524 2686 Atvero
553 2619 630 2708 quid
659 2629 707 2685 est
731 2618 864 2684 tandem
892 2620 981 2709 quod
1014 2620 1147 2709 plorimi
1179 2644 1291 2688 versus
1319 2624 1381 2689 Ss-

321 2721 419 2788 turnii
441 2720 495 2811 qui
517 2711 697 2786 tradunturv
710 2720 750 2785 ad
773 2719 856 2785 hanc
877 2719 1015 2807 liguram
1043 2746 1261 2814 normamque
1282 2726 1378 2790 metri

321 2827 361 2890 ab
383 2824 445 2889 illis
468 2823 674 2889 constitutam
697 2846 904 2912 nequaquam
923 2825 1094 2891 accedant?
1113 2825 1201 2891 Nam
1218 2837 1250 2891 et
1261 2826 1378 2893 Atilius

321 2926 573 3010 Fortunatianus
606 2950 681 2992 cum
713 2925 820 2991 Mario
852 2926 1024 2992 Victorino
1058 2930 1264 2994 consentiens
1296 2927 1378 2995 haec

319 3030 460 3118 scripsit:
483 3029 540 3093 sed
556 3039 786 3116 praeterquam
799 3028 887 3116 quod
900 3029 1089 3094 durissimos
1100 3031 1256 3110 iecerunt,
1277 3031 1377 3096 etiam

319 3133 398 3198 alios
416 3137 562 3197 breuiores
581 3131 659 3195 alios
676 3137 824 3210 longiores
842 3130 1054 3211 inseruerunt,
1075 3146 1110 3197 ut
1125 3134 1177 3199 vix
1194 3133 1376 3202 invenerim

319 3235 406 3323 apud
427 3235 597 3313 Naevium,
620 3257 702 3322 quos
722 3257 784 3321 pro
807 3235 958 3322 exemplo
973 3238 1179 3322 ponerem⁷),
1201 3238 1377 3303 etServius

320 3338 491 3405 arbitratus
518 3349 567 3401 est
592 3337 780 3402 Saturnium
813 3361 882 3402 non
909 3339 948 3402 ad
983 3350 1089 3404 certos
1117 3339 1218 3426 pedes
1251 3338 1306 3404 sed
1334 3341 1375 3404 ad

319 3440 511 3531 rhythmum
534 3440 641 3505 solum
658 3440 878 3527 compositum
898 3447 1009 3521 esse0),
1031 3441 1128 3505 etiam
1145 3442 1259 3507 ceteris
1270 3465 1377 3528 gram·

319 3545 443 3609 malicia
464 3543 567 3608 simile
588 3543 743 3623 judicium
765 3543 966 3608 iacientibus.
1012 3544 1101 3630 Quid
1130 3543 1244 3631 igitur?
1286 3546 1376 3609 Nurn

318 3648 382 3713 hoc
409 3649 597 3711 Duentzero
624 3657 656 3709 et
682 3645 838 3712 Lerschio
867 3648 920 3734 qui
949 3671 1054 3735 nuper
1086 3649 1126 3712 de
1154 3672 1249 3712 versu
1275 3673 1376 3735 quem

319 3762 437 3814 vocant
453 3749 604 3814 Saturnio
621 3747 742 3812 librum
761 3749 969 3835 scripserunt,
990 3750 1123 3815 concedi
1140 3762 1256 3838 potest,
1277 3751 1376 3815 luisse

320 3851 407 3918 hunc
429 3875 559 3917 versum
582 3850 623 3915 ita
641 3851 796 3916 omnibus
816 3852 1003 3939 quantitatis
1021 3865 1052 3917 et
1062 3853 1231 3940 positionis
1253 3853 1377 3939 legibus

375 4133 401 4202 l)
419 4132 487 4210 Atil-¹
500 4135 640 4190 Fortunat.
658 4155 682 4206 p.
700 4133 769 4188 2679
786 4133 821 4188 ci.
840 4134 971 4188 Streuber
989 4135 1023 4190 de
1038 4137 1124 4192 inser.
1143 4158 1168 4209 q.
1187 4136 1221 4190 sti
1239 4157 1308 4190 num.
1319 4137 1376 4195 Sat.

420 4223 468 4279 rel.
485 4243 510 4296 p.
528 4223 570 4278 ⁴8e
621 4251 624 4257 ·
769 4249 771 4253 ’

282 4396 285 4401 Δ
375 4308 401 4379 ⁸)
419 4311 496 4368 Serv.
515 4311 548 4367 ad
566 4310 640 4384 Virg.
659 4313 759 4390 (ἴσως.
777 4312 812 4376 ΙΙ,
829 4311 897 4366 ³8ss
