3400 5042
849 489 899 562 94

369 668 433 733 hoc
454 665 556 731 verbo
579 663 628 729 bis
649 665 880 730 tantummodo
902 665 986 731 lecto
1008 670 1168 748 majorem
1191 666 1251 732 sibi
1266 667 1428 732 vindicare

369 769 468 834 fidem
491 790 590 855 quam
612 794 641 830 n.
684 768 817 832 Errasse
840 791 917 832 vero
939 768 1080 855 scalptor
1106 770 1216 857 priore
1239 769 1312 834 loco
1336 769 1428 834 facile

369 882 486 959 potest,
508 869 609 934 oculis
632 869 856 934 aberrantibus
879 870 918 934 ad
937 894 1076 958 sequens
1098 878 1138 951 in,
1160 895 1261 961 quum
1284 895 1429 958 praeser-

369 974 427 1038 tim
449 995 511 1059 pro
534 971 696 1036 scribendi
724 994 843 1058 genere
871 972 904 1037 in
930 973 982 1037 illa
1010 973 1118 1038 tabula
1146 974 1261 1038 usitato
1288 975 1378 1039 litera
1400 980 1428 1038 It

369 1074 569 1163 negligenter
600 1075 717 1161 scripta
749 1097 854 1163 prope
888 1076 1019 1140 accedat
1052 1076 1093 1141 ad
1120 1075 1364 1141 similitudinem
1392 1077 1428 1140 li-

369 1191 457 1242 terae
479 1179 518 1241 N.
554 1176 681 1261 Quodsi
703 1176 736 1240 in
758 1177 1023 1264 comprecatione
1045 1178 1320 1243 Suovetaurilium
1342 1179 1427 1265 apud

370 1279 533 1345 Catonem
556 1278 672 1365 legitur
694 1279 811 1343 eodem
834 1302 928 1344 sensu
951 1304 987 1344 ac
1000 1293 1112 1346 nostro
1135 1281 1222 1347 loco:
1245 1281 1428 1345 »frumenta

370 1382 453 1447 bene
486 1381 617 1446 evenire
649 1386 740 1445 sr'ris«
774 1393 804 1446 et
832 1382 864 1445 in
896 1381 1013 1445 tabulis
1045 1383 1243 1468 Eugubinis:
1283 1383 1428 1447 »salvom

367 1490 463 1549 seritu
480 1495 582 1548 totam
594 1483 788 1562 Jiovinam,«
812 1483 909 1547 etiam
923 1483 1089 1548 Arvalium
1102 1484 1308 1550 sacerdotum
1320 1485 1428 1573 prisco

369 1587 513 1652 carmine
541 1585 687 1672 antiquas
714 1584 836 1649 formas
862 1611 928 1649 serr
955 1591 1015 1650 si'rs
1044 1592 1115 1651 sr'ru‘r
1141 1590 1275 1668 (siverit)
1305 1588 1429 1669 adjudi-

369 1689 487 1755 candas
515 1709 647 1766 censeo,
689 1686 865 1774 scriptione
897 1687 964 1752 sius
990 1710 1049 1774 per
1081 1689 1249 1776 scalptoris
1282 1711 1428 1753 errorem

370 1802 440 1856 orta
458 1789 531 1876 Ν).«

452 1898 481 1958 2.
523 1896 649 1958 Pleores
675 1914 737 1978 pro
761 1897 866 1977 plures
893 1890 981 1979 quod
1011 1891 1125 1956 volunt
1156 1891 1304 1981 plerique
1331 1893 1429 1956 inter·

369 2006 490 2082 pretes,
523 2016 589 2058 non
612 1993 722 2071 video,
754 2015 854 2080 quern
876 2016 991 2058 sanum
1013 1993 1134 2058 habere
1161 2017 1292 2059 sensum
1318 1996 1430 2081 possit,

369 2097 436 2162 sive
468 2096 579 2161 luerve
610 2093 786 2160 humorem
818 2094 1080 2183 robiginemque,
1116 2096 1182 2160 sive
1214 2096 1429 2184 pestilentiam

370 2196 573 2286 interpretari
596 2197 684 2273 velis,
707 2219 789 2284 quae
812 2196 957 2261 incurrat
978 2197 1011 2261 in
1032 2196 1152 2285 plures.
1195 2198 1282 2262 Nam
1306 2199 1429 2262 etiamsi

369 2299 564 2365 concesseris
585 2306 736 2364 incurrere
757 2305 786 2363 iu
804 2304 924 2384 pleuros·
946 2323 1014 2364 esse
1036 2304 1159 2364 ulterius
1179 2306 1332 2384 progredi,
1354 2323 1430 2364 con·

369 2414 560 2468 sentaneum
593 2413 641 2466 est
672 2400 770 2466 luisse
802 2412 875 2466 ante
905 2400 936 2465 id
964 2412 1094 2487 tempus
1126 2402 1344 2489 pestilentiam
1373 2426 1429 2466 seu

370 2505 471 2582 luem,
502 2526 568 2592 quo
597 2502 712 2568 fratres
740 2503 873 2568 Arvales
905 2502 1070 2593 deprecari
1098 2505 1275 2591 coeperint.
1319 2503 1429 2568 Altera

369 2617 481 2670 contra
503 2606 673 2683 sententia,
699 2628 761 2692 qua
780 2611 901 2691 plastes
922 2604 1099 2692 explicatur
1110 2611 1209 2692 flores
1226 2611 1265 2687 ¹⁵)
1286 2607 1429 2693 primum

369 2707 507 2773 eandem
534 2706 634 2772 habet
659 2707 904 2794 grammaticam
934 2705 1044 2772 fidem.
1086 2708 1173 2773 Nam
1201 2720 1429 2796 praeterquam

369 2808 458 2897 quod
481 2808 578 2874 etiam
600 2808 677 2873 alias
689 2809 724 2872 P.
743 2831 819 2872 cum
837 2809 872 2873 F.
889 2820 1102 2896 permutatur,
1124 2811 1258 2898 antiquo
1276 2833 1430 2877 sermone

368 2911 420 2976 vel
441 2911 474 2975 in
497 2910 567 2998 ipso
590 2908 733 2975 carmine
755 2921 879 2989 nostro,
900 2910 988 2975 tenui
1010 2933 1071 2997 pro
1083 2912 1220 2999 aspirata
1239 2912 1353 2999 posita,
1375 2911 1430 2976 ha-

369 3013 485 3078 bemus
507 3019 633 3098 triumpe
654 3034 715 3100 pro
739 3013 868 3095 triumfe,
891 3023 923 3076 et
944 3013 1051 3079 media
1073 3036 1134 3100 pro
1157 3015 1304 3102 aspirata,
1326 3018 1431 3078 barber

367 3138 429 3202 pro
447 3118 572 3197 ferrem
610 3137 717 3202 neque
743 3118 773 3180 E
794 3125 868 3179 ante
891 3118 917 3180 0
938 3113 1108 3181 offendere
1129 3127 1253 3204 potest,
1272 3117 1429 3203 quonism

367 3217 487 3305 ubique
510 3217 604 3283 inseri
626 3216 713 3303 apud
735 3214 899 3304 antiquos,
929 3215 1062 3281 Saliaria
1090 3218 1189 3283 verba
1211 3244 1308 3299 cume,
1341 3233 1430 3297 tame,

367 3321 540 3400 Leucesiae,
561 3325 739 3396 Sateurnus,
768 3324 889 3384 corcula
912 3317 1064 3383 indicant.
1108 3319 1237 3386 Deinde
1259 3344 1337 3386 vero
1359 3344 1431 3386 sen·

368 3445 440 3486 sum
462 3423 504 3486 ita
528 3420 731 3509 aptissimum
753 3419 845 3485 reddi
869 3420 902 3485 in
924 3421 1034 3508 aprico
1056 3431 1113 3499 est,
1136 3421 1291 3509 quoniam
1309 3433 1341 3486 et
1362 3421 1430 3487 sru-

367 3533 518 3589 mentum
550 3526 615 3605 iam
642 3527 756 3587 adultis
782 3521 878 3610 spicis
910 3521 1044 3587 demum
1064 3527 1180 3608 florere
1214 3524 1348 3602 scimus,
1387 3526 1428 3588 ita

368 3637 403 3690 ut
424 3625 515 3691 brevi
538 3637 687 3712 tempore
714 3635 925 3704 maturescat,
958 3634 990 3689 et
1017 3647 1057 3690 eo
1086 3626 1157 3713 ipso
1184 3636 1333 3714 tempore
1362 3649 1429 3714 quo

413 3887 448 3959 η)
469 3890 553 3962 Quod
571 3891 637 3948 dicit
651 3891 777 3948 Clausen.
790 3911 816 3966 p.
827 3893 870 3956 25,
883 3911 937 3948 sers
955 3912 1002 3966 per
1014 3891 1107 3950 vitium
1122 3913 1167 3949 seu
1178 3913 1296 3951 errorem
1305 3895 1431 3969 scriptum

470 3999 543 4043 esse,
563 3980 669 4036 minime
687 3980 803 4035 tabulam
821 3993 944 4036 accurate
962 3979 1087 4058 inspexit.

413 4075 448 4148 ¹⁵)
467 4077 550 4134 Lunai
560 4079 636 4152 Sagg.
656 4079 681 4134 d.
691 4078 754 4153 ling.
765 4080 869 4136 Etrusc.
884 4080 939 4155 1,p.
947 4081 1004 4136 ldd.
1014 4092 1071 4137 not.
1080 4082 1105 4136 d.
1123 4082 1166 4136 »in
1175 4080 1292 4156 pleores:
1312 4083 1339 4137 in
1349 4082 1429 4138 tlurea

469 4165 741 4328 qaqnlllqrsq2qoms
769 4164 844 4224 Puril
870 4186 920 4243 par
942 4169 1039 4245 Furii·
1087 4167 1129 4224 Cf.
1155 4167 1284 4226 Schneid.
1313 4170 1430 4224 Gramm.
