3400 5042
809 530 884 610 tat

319 704 445 773 Sabinis
467 706 683 794 compositam
706 704 806 772 finem
829 729 897 774 esse
920 704 998 789 epici
1021 689 1192 784 carminis,
1223 707 1377 796 quod-sb
1409 779 1411 781 ,

318 805 450 871 infantia
475 805 607 871 Romuli
637 807 781 894 incipiat,
813 807 931 873 deinde
961 807 1140 894 separanda
1168 808 1287 872 abillo
1316 831 1378 894 per
1480 860 1483 863 -

317 907 519 996 aliquantum
541 907 699 994 temporis
723 908 805 974 lacta
828 908 989 997 quaedam
1018 908 1199 996 posteriore
1226 920 1376 996 tempore

317 1007 440 1084 addita,
473 1006 590 1073 eodem
614 1031 692 1074 vero
715 1007 891 1096 splendore
918 1031 1049 1074 carmen
1072 1008 1190 1075 iterum
1212 1032 1377 1099 apparere,

317 1108 373 1174 ubi
400 1106 442 1173 ad
471 1107 550 1173 deos
578 1108 740 1175 Romulus
769 1108 941 1176 extollatur
954 1115 988 1186 ⁴).
1033 1111 1128 1196 Quas
1156 1109 1252 1199 igitur
1280 1111 1377 1176 sacris

319 1208 484 1279 cantilenis
501 1209 690 1276 sRomanls
712 1209 884 1297 indigetata
902 1233 970 1276 esse
988 1209 1166 1299 eDionysii
1184 1210 1264 1278 locis
1281 1233 1377 1300 supra

319 1310 659 1391 demonstravimusl),
682 1335 717 1375 ea
740 1313 806 1398 ipsa
820 1310 1018 1376 Niebubrius
1040 1312 1184 1378 carmine
1205 1312 1299 1400 spico
1320 1312 1378 1378 de·

318 1414 436 1501 scripta
458 1424 555 1500 atque
577 1424 724 1478 enarrata
752 1412 891 1500 patarih
923 1412 1001 1475 vidit
1027 1413 1160 1500 quidem
1188 1413 1240 1478 ille
1263 1414 1379 1478 carani-

319 1541 398 1587 num
421 1515 471 1578 bis
495 1515 527 1577 in
550 1515 646 1579 rebus
670 1513 817 1599 vestigia,
848 1527 880 1577 at
902 1538 1017 1577 verum
1039 1539 1139 1600 genus
1166 1540 1282 1579 corum
1308 1540 1378 1579 non

318 1629 462 1683 accurata
485 1616 646 1702 diligentia
670 1628 891 1702 perscrutatus
914 1629 969 1683 est.

401 1719 465 1784 Sed
490 1718 609 1782 dixerit
630 1718 799 1805 quispiam,
821 1719 976 1782 etiamsie
994 1719 1090 1783 sacris
1103 1720 1269 1783 cantilenis
1285 1721 1377 1804 origo

318 1825 449 1889 illorum
473 1820 666 1909 mythorum
688 1821 866 1906 repetenda
889 1822 941 1897 sit,
974 1833 1083 1886 tamen
1111 1846 1206 1908 posse
1235 1821 1295 1886 hos
1317 1846 1378 1908 po-

319 1926 454 1991 steriore
487 1934 589 1988 aetate
622 1922 720 2008 epicis
751 1924 948 1987 carminibus
980 1935 1122 1988 mutatos
1156 1936 1189 1987 et
1217 1925 1249 1987 in
1281 1925 1378 1988 aliam

318 2029 463 2093 formam
485 2025 632 2090 redactos
654 2046 733 2088 esse.
766 2025 818 2088 Ad
842 2049 924 2112 quae
947 2024 1011 2089 boc
1031 2037 1157 2090 tantum
1177 2026 1379 2112 responden-

319 2130 399 2193 dum
427 2127 564 2191 videtur.
609 2125 757 2190 Primum
783 2127 808 2188 si
836 2150 948 2191 revera
975 2127 1016 2192 de
1038 2127 1088 2193 bis
1114 2128 1301 2214 primordiis
1327 2127 1379 2192 hi-

318 2230 434 2295 storiae
458 2231 628 2293 Romanae
650 2227 808 2314 populare
831 2239 864 2291 et
885 2229 1078 2294 continuum
1097 2252 1229 2294 carmen
1247 2229 1379 2316 epicum

319 2332 464 2411 ejusdem
492 2331 617 2418 generis
646 2354 683 2393 ac
713 2329 926 2393 Homericum
958 2331 1178 2416 compositum
1207 2342 1290 2395 esset
1319 2353 1379 2416 per

317 2447 488 2522 poetarum
515 2432 566 2497 vel
593 2432 834 2519 rhapsodorum
861 2432 912 2497 vel
939 2432 1149 2497 convivarum
1177 2432 1378 2497 cantantium

319 2536 495 2623 poeticum,
511 2534 671 2622 impetum
698 2547 884 2621 artemque,
921 2557 1029 2598 sacrae
1060 2535 1190 2600 fabulae
1217 2534 1259 2598 ita
1286 2557 1379 2598 com·

318 2639 447 2716 mixtae,
468 2649 652 2712 exornatae,
675 2636 864 2727 immutatae
886 2647 1002 2715 essent,
1023 2647 1309 2702 utsensusearum
1324 2659 1379 2724 ge-

318 2740 437 2804 nuinus
459 2750 491 2803 et
516 2738 665 2804 subtilior
692 2749 776 2803 esset
807 2736 927 2802 dilutus
954 2749 987 2802 et
1014 2737 1202 2817 exstinctus,
1234 2761 1378 2804 necfnos

318 2842 458 2930 singulas
480 2840 585 2930 mythi
607 2851 714 2927 partes
736 2840 776 2904 ad
799 2850 886 2904 certa
911 2863 1015 2918 sacra,
1046 2841 1204 2920 instituta,
1236 2840 1307 2905 loca
1329 2865 1379 2905 re-

318 2948 404 3010 ferre
425 2966 608 3032 possemus.
655 2941 784 3008 Deinde
807 2965 900 3019 vero,
933 2943 1088 3029 quoniam
1110 2945 1176 3024 iarn
1203 2966 1300 3029 supra
1323 2942 1379 3007 de-

319 3046 573 3113 monstravimus
594 3067 700 3110 sacras
722 3045 961 3109 Romanorum
975 3045 1163 3123 cantilenas,
1195 3046 1277 3110 sicut
1298 3046 1380 3110 anti·

319 3152 426 3239 quitus
448 3160 625 3236 conceptae
649 3126 779 3223 luerint,
801 3147 842 3210 ita
865 3171 882 3211 a
904 3147 1126 3212 sacerdotibus
1148 3159 1282 3232 angusta
1305 3149 1379 3239 reli·

318 3256 414 3340 gioria
436 3251 478 3316 ad
499 3250 624 3336 singula
646 3273 748 3337 usquc
765 3250 863 3314 verba
880 3250 1082 3337 syllabasque
1094 3273 1225 3337 semper
1235 3261 1378 3314 retentas
1477 3287 1479 3289 >

319 3369 351 3422 et
378 3366 585 3420 conservatas
614 3377 696 3430 esse,
734 3375 773 3416 ex
801 3351 866 3416 hoc
892 3353 1108 3416 fundamento
1136 3353 1223 3417 nulla
1251 3352 1378 3417 ratione

318 3462 409 3549 epica
435 3460 543 3545 poesis
570 3454 797 3520 sublimiorem
825 3478 942 3553 capere
975 3468 1103 3542 poterat
1134 3455 1295 3541 impetum
1322 3479 1379 3520 na-

321 3563 429 3631 scendi
452 3574 484 3625 et
505 3560 605 3624 libere
627 3583 661 3623 se
678 3557 859 3625 excolendi.
892 3561 999 3622 immo
1012 3570 1047 3622 ut
1057 3559 1185 3623 fabulae
1196 3557 1269 3622 illae
1281 3559 1380 3624 sacris

319 3664 516 3750 carminibus
538 3661 730 3748 indigetatae
752 3663 817 3741 iam
839 3661 953 3748 priscis
965 3661 1168 3747 temporibus
1180 3661 1379 3748 perscriptae

319 3781 410 3836 erant
431 3768 464 3832 in
486 3765 583 3830 sacris
605 3764 811 3829 sacerdotum
832 3764 931 3841 libris,
952 3765 997 3828 sic
1018 3765 1095 3829 inde
1117 3763 1203 3851 apud
1215 3765 1378 3850 populum

318 3874 455 3939 sancitae
478 3867 674 3956 antiquitatis
689 3879 837 3932 tenacem
853 3867 1002 3954 religiose
1019 3879 1162 3932 servatae
1179 3877 1378 3932 manserunt.

317 4080 530 4095 *omn—¹·-

375 4201 400 4270 ⁴>
418 4200 498 4256 Nieb.
516 4199 581 4256 Hist
606 4201 682 4256 Rom.
703 4201 724 4268 1,
743 4221 769 4272 p·
787 4198 845 4253 244.
864 4199 906 4254 ed.
923 4200 949 4252 3.

376 4288 400 4358 ⁵)
422 4289 464 4346 Cf·
483 4287 548 4363 Cap.
566 4288 614 4342 Vi.
