3400 5042
840 521 891 599 61

331 708 411 771 bum
438 707 609 781 deducunt,
638 701 763 767 fulmen
791 703 940 768 scindens
962 704 1162 791 scissumque
1190 703 1316 790 poetice
1340 702 1395 766 de-

330 811 475 897 pingens.

415 917 450 994 5)
475 916 601 976 Oramau
623 911 700 999 quid
722 910 770 990 sit,
793 910 936 976 declarat
956 911 1069 975 Festus
1091 935 1121 975 v.
1144 930 1243 976 omen
1265 934 1298 997 p.
1319 916 1392 974 114:

331 1021 441 1082 »Omen
462 1015 551 1079 velut
571 1040 703 1091 aremari,
736 1014 824 1099 quod
847 1013 883 1077 fit
909 1037 965 1078 ore
993 1015 1180 1100 augurium,
1212 1011 1302 1100 quod
1323 1022 1391 1076 non

329 1118 440 1184 avibus
461 1118 565 1182 aliove
586 1116 689 1180 modo
712 1115 776 1180 fit«
815 1113 973 1181 Ceterum
1001 1118 1138 1182 verbum
1161 1116 1272 1181 omina
1293 1117 1391 1180 etiam

330 1244 425 1309 supra
448 1221 585 1307 legimus
607 1220 640 1283 in
662 1218 775 1284 Saliari
798 1220 954 1284 carmine.

413 1320 533 1387 Cetera
556 1323 654 1386 verba
677 1319 772 1403 hujus
794 1322 965 1410 fragmenti
983 1338 1086 1409 quum
1098 1322 1310 1410 explicatione
1324 1341 1390 1386 non

330 1436 459 1512 egeant,
490 1426 524 1488 in
546 1425 656 1511 aprico
685 1435 732 1488 est
760 1438 837 1489 sane
865 1425 984 1489 nostris
1011 1424 1156 1493 versibus
1184 1423 1225 1488 de
1252 1424 1390 1488 fulmine

328 1527 420 1592 Jovis
447 1525 570 1591 Lucetii
599 1526 806 1613 procurando
835 1527 898 1592 ritu
926 1526 1021 1592 solito
1049 1526 1109 1614 agi.
1152 1527 1227 1612 Qua
1255 1525 1389 1613 quidem

329 1620 369 1694 de
396 1652 432 1693 re
461 1650 536 1692 curn
568 1627 674 1692 tradat
706 1629 807 1692 Persii
839 1626 1028 1694 scholiastes
1053 1629 1087 1692 in
1114 1651 1175 1693 usu
1206 1629 1319 1708 fuisse,
1356 1641 1391 1693 ut

328 1754 463 1818 augures
485 1743 518 1795 et
537 1728 726 1818 haruspices
748 1729 879 1796 adducti
902 1731 942 1796 de
964 1731 1094 1797 Etruria
1116 1731 1211 1797 certis
1232 1731 1390 1818 tempori·

328 1832 388 1898 bus
410 1832 545 1897 fulmina
567 1832 790 1920 transfigurata
814 1833 846 1897 iu
869 1833 992 1922 lapides
1026 1837 1188 1915 (cuneos)
1222 1833 1304 1898 infra
1326 1845 1390 1898 ter·

327 1959 398 2000 ram
420 1932 673 2000 absconderent:
701 1937 791 2018 cujus
813 1937 846 2000 i'n
868 1935 1051 2024 patratione
1074 1936 1119 2001 rei
1142 1954 1219 2002 oves
1240 1935 1390 2000 immola·

326 2050 440 2104 rentur
461 2038 560 2118 (Pers.
583 2035 694 2102 Schol.
717 2037 845 2118 1‚2o.):
868 2037 901 2102 iu
923 2037 1019 2103 simili
1040 2040 1173 2126 negotio
1194 2051 1249 2105 aut
1271 2037 1390 2103 Calen-

327 2139 376 2206 dis
396 2140 522 2206 Martiis
543 2151 599 2205 aut
620 2142 804 2226 Argeorum
834 2139 887 2204 die
918 2140 1119 2228 perficiendo
1147 2140 1252 2207 Salios
1284 2163 1389 2206 sacer·

326 2243 419 2309 dotes
441 2243 504 2308 hos
525 2265 637 2306 versus
657 2241 837 2331 piaculares
863 2242 1017 2309 cecinisse
1038 2243 1213 2309 verisimile
1235 2255 1291 2308 est.
1335 2242 1388 2307 Ad

325 2345 391 2410 hoc
412 2347 508 2432 igitur
528 2343 699 2409 referenda
727 2356 803 2410 sunt
829 2345 928 2411 verba
950 2345 1084 2411 Saliaria
1112 2352 1267 2426 obstitum,
1299 2353 1387 2433 aptca

326 2455 399 2526 ouis,
422 2454 515 2514 cunei.
557 2446 645 2532 Quid
668 2445 758 2534 quod
781 2447 869 2536 apud
891 2463 952 2514 nos
974 2463 1106 2536 quoque
1117 2448 1241 2537 lapides
1253 2448 1386 2537 quidam

325 2551 423 2638 vulgo
451 2555 539 2616 cranei
568 2555 748 2615 tonitruales
780 2563 938 2617 vocantur
958 2549 1002 2615 ob
1024 2550 1199 2617 rotundam
1232 2551 1388 2618 convolu-

324 2665 456 2740 tamque
478 2653 635 2731 formam,
668 2651 758 2740 quod
779 2653 926 2720 fulminis
947 2652 1012 2718 ictu
1034 2664 1131 2742 atque
1152 2654 1270 2720 ardore
1291 2653 1386 2719 mulsi

324 2767 356 2818 et
377 2755 518 2820 contorti
538 2764 702 2841 putantur.

405 2858 542 2942 Egregie
568 2880 646 2922 vero
674 2854 740 2922 hoc
764 2856 949 2944 fragmento
977 2857 1155 2944 explicatur
1176 2859 1265 2947 quod
1288 2877 1384 2946 supra

323 2961 584 3025 demonstratum
611 2971 660 3024 est
681 2961 745 3025 suis
766 2959 985 3047 argumentiss
1017 2961 1058 3024 ab
1086 2959 1385 3048 Etruscis-Pelasgis

322 3062 512 3128 accersitum
534 3086 602 3128 esse
624 3085 686 3150 pro
709 3060 797 3126 cultu
818 3061 969 3148 fulgurali
984 3061 1279 3128 illoNovensillum
1293 3061 1385 3128 Con-

322 3165 529 3252 sentiumque
551 3164 704 3243 deorum,
738 3162 861 3230 vernali
882 3163 1005 3230 Martio
1027 3188 1140 3231 mense
1161 3165 1271 3230 denuo
1292 3186 1385 3252 prae-

321 3279 428 3332 sentes
461 3291 530 3332 esse
566 3266 805 3354 incipientium,
847 3290 955 3356 neque
987 3266 1053 3332 hoc
1084 3288 1247 3334 consensu
1277 3268 1383 3356 aptius

320 3366 555 3436 emendationis
576 3378 705 3434 nostrae
727 3369 893 3457 specimen
913 3369 1050 3434 inveniri
1070 3370 1201 3457 poterit.

403 3474 537 3538 Praeter
556 3471 615 3537 has
637 3471 734 3558 igitur
753 3484 868 3538 tenues
883 3485 1133 3538 axamentorum
1151 3473 1302 3561 reliquias
1318 3474 1384 3538 siu-

320 3575 393 3662 gula
415 3574 645 3640 tantummodo
668 3575 767 3640 verba
788 3575 884 3640 nohis
905 3587 1029 3640 servata
1050 3587 1135 3656 sunt,
1154 3600 1296 3664 quorum
1315 3579 1381 3659 jam

320 3701 472 3742 recensus
492 3675 558 3742 hoc
579 3676 653 3742 loco
675 3674 908 3742 adscribendus
931 3674 1067 3742 videtur.

402 3779 543 3858 altercat,
564 3779 720 3868 prohibet
740 3780 761 3850 i.
777 3801 807 3867 q.
825 3784 949 3845 abaraet
971 3779 1061 3844 Paul.
1083 3780 1175 3846 Diae.
1187 3805 1219 3869 p.
1231 3788 1282 3862 25,
1304 3783 1381 3848 ibid.

319 3907 351 3970 p.
364 3889 419 3948 lt:
443 3881 577 3949 »Aram
597 3881 776 3970 prohibere
798 3894 854 3952 est.
897 3881 1054 3947 Similiter
1073 3887 1197 3950 abarca
1218 3885 1381 3972 prohibet.

318 3988 429 4050 Pereat
452 4007 584 4074 quoque
605 3984 730 4050 dictum
752 3984 793 4049 ab
816 3989 964 4070 antiquis,
986 3984 1076 4071 quati
1094 4012 1187 4071 parm
1208 4005 1314 4054 arcet«
1336 3990 1379 4055 cf.

318 4109 350 4173 p.
374 4092 421 4153 16.
463 4085 608 4154 Asculum
631 4136 638 4152 .
660 4085 793 4153 Arcalus
810 4135 817 4151 .
833 4085 987 4152 ArcuIata
1003 4135 1010 4152 .
1027 4086 1146 4154 Araulu
1165 4094 1274 4171 (aurs),
1296 4115 1380 4180 quae

318 4189 427 4254 omnia
450 4189 548 4256 verba
570 4188 650 4256 sacri
672 4188 899 4278 auguralisque
917 4190 1087 4256 sermonis.
1116 4188 1170 4257 Cf.
1188 4211 1379 4282 quaesupra

317 4286 359 4355 de
379 4285 492 4373 Arget's
512 4282 653 4378 (netu)
674 4298 749 4358 sunt
769 4287 865 4358 dicta.
