3400 5042
819 534 869 612 at

404 716 435 792 b)
455 710 534 776 Jam
545 710 675 777 record
693 709 828 779 alteram
844 710 940 792 hujus
954 710 1237 778 commentationis
1249 723 1378 802 partem

319 825 533 892 transeamus,
554 813 595 879 ad
616 813 752 880 numina
774 813 948 881 Saliaribus
969 812 1117 878 versibus
1136 812 1294 882 invocata.

403 915 550 982 Primum
582 917 761 1006 Dionysius
793 916 898 983 Salios
930 915 1073 1005 appellat
1113 897 1269 998 ὖμνητᾶι·
1306 906 1379 977 τῶν

320 1001 496 1077 ἒνοπλίων
520 1003 623 1079 θεῶν
639 1021 701 1107 ³²),
742 1019 864 1109 quippe
892 1017 947 1107 qui
975 1017 1145 1106 imperitus
1176 1030 1378 1085 vetustorum

320 1119 513 1200 carminum,
535 1122 647 1188 ancilia
674 1133 706 1188 et
725 1122 885 1210 pugiones
902 1120 1116 1210 conspicatus,
1137 1143 1156 1185 a
1176 1132 1272 1209 gente
1287 1144 1379 1210 prae·

320 1223 432 1289 sertim
464 1223 706 1290 bellicosissima
738 1226 836 1290 etiam
867 1223 944 1289 belii
976 1222 1056 1289 deos
1094 1235 1225 1311 praeter
1253 1235 1379 1290 ceteros

320 1325 382 1392 coli
399 1327 533 1415 putavit.
565 1325 696 1393 Rectius
711 1325 807 1412 igitur
817 1326 1016 1404 Macrobius,
1037 1349 1138 1415 quem
1154 1325 1381 1393 bonosaucto-

320 1451 371 1494 res
393 1440 540 1494 secutum
563 1452 660 1517 supra
681 1428 835 1507 vidimus,
868 1428 1018 1494 omnium
1040 1428 1227 1494 caelestium
1247 1427 1378 1496 laudem

320 1530 494 1596 affirmavit
518 1555 535 1596 a
558 1531 651 1596 Saliis
679 1531 865 1596 cantitatam
893 1555 963 1597 esse
989 1544 1119 1619 praeter
1146 1533 1312 1596 Venerem
1324 1533 1379 1618 8ὃ).

321 1634 476 1722 Sequitur
506 1633 596 1712 inde,
634 1645 763 1722 praeter
793 1658 850 1700 eos
884 1658 966 1723 quos
997 1633 1193 1699 nominatim
1223 1633 1382 1700 adhibent

320 1738 509 1825 scriptores,
529 1737 554 1802 si
577 1762 645 1802 non
658 1761 774 1803 omnes
786 1736 949 1816 caelestes,
970 1749 1003 1802 at
1020 1761 1077 1802 eos
1088 1748 1175 1802 certe
1187 1761 1254 1802 esse
1267 1737 1299 1801 in
1311 1762 1380 1803 car-

320 1839 463 1905 minibus
483 1841 548 1904 istis
570 1853 779 1919 memoratos,
802 1840 858 1928 qui
873 1852 905 1904 et
916 1863 991 1904 cum
1003 1840 1133 1905 iliorum
1147 1851 1262 1905 natura
1273 1842 1382 1906 arctis-

321 1943 403 2009 sime
424 1944 588 2024 conjuncti
610 1955 641 2008 et
657 1943 777 2009 Martio
799 1966 913 2008 mense
933 1943 1141 2030 potissimum
1163 1942 1250 2007 festis
1267 1943 1380 2009 diebus

321 2045 446 2111 adorati
469 2058 552 2111 sunt.
596 2046 671 2132 Qua
691 2046 817 2111 ratione
838 2044 921 2110 haec
938 2044 1260 2111 habemusnumina:
1282 2046 1380 2125 Mars,

320 2149 485 2228 Minerva,
510 2150 656 2235 Jupiter,
686 2150 793 2227 Juno,
824 2149 943 2225 Janus‚
975 2148 1149 2226 Saturnus,
1181 2148 1291 2213 Mania
1313 2150 1379 2214 siue

321 2251 484 2330 Larunda,
504 2251 603 2316 Lucia
615 2249 806 2330 Volaminia,
826 2250 868 2315 de
890 2250 1008 2339 quibus
1028 2250 1203 2338 scriptores
1224 2251 1381 2333 referunt,

321 2366 354 2420 et
384 2377 461 2419 cum
486 2353 557 2418 his:
607 2354 721 2433 Liber,
763 2353 897 2431 Libera,
939 2355 1054 2432 Vesta,
1096 2354 1191 2418 Anna
1224 2355 1380 2435 Perenna,

322 2454 441 2538 Luna,
460 2457 554 2523 Salus
574 2456 718 2546 publica,
749 2457 782 2522 id
809 2457 900 2545 quod
927 2455 1013 2521 infra
1041 2454 1218 2521 accuratius
1244 2456 1382 2522 iilustra-

321 2562 417 2627 bitur.

402 2667 463 2730 Est
484 2685 562 2729 vero
583 2685 759 2728 commune
786 2662 951 2727 vinculum
981 2684 1048 2750 quo
1077 2660 1159 2726 haec
1186 2661 1295 2726 omnia
1321 2686 1381 2728 nu-

322 2769 411 2833 mina
433 2767 603 2831 constricta
624 2776 775 2830 tenentur
796 2765 851 2830 lux
873 2763 958 2830 Solis
979 2789 1016 2830 ac
1037 2764 1150 2829 Lunae
1165 2763 1271 2829 ¹certis
1296 2765 1382 2853 pari·

322 2872 448 2958 busque
480 2868 605 2934 vicibus
637 2892 761 2934 annum
795 2867 986 2945 conficiens,
1022 2890 1131 2956 neque
1162 2865 1222 2930 alia
1254 2867 1379 2932 ratione

324 2972 480 3039 declarari
501 2993 598 3060 posse
619 2971 773 3049 arbitror,
799 2971 890 3061 quod
912 2970 955 3034 dii
977 2971 1205 3034 Romanorum
1226 2994 1287 3058 per
1307 2994 1382 3038 cen-

324 3090 395 3143 tum
418 3087 450 3141 at
471 3074 671 3164 septuaginta
693 3098 795 3140 annos
817 3075 857 3138 ab
880 3074 960 3139 urbe
982 3071 1112 3137 condita
1123 3072 1191 3136 sine
1203 3071 1381 3141 simulacris

325 3179 449 3246 adorati
471 3177 680 3256 dicantur³⁴).
722 3179 768 3242 Ut
789 3177 886 3262 igitur
906 3176 948 3241 de
968 3176 1095 3240 ratione
1122 3196 1185 3263 qua
1213 3174 1295 3241 haec
1321 3201 1381 3242 nu-

424 3405 502 3462 cavit.
538 3403 625 3460 Salios
642 3403 797 3476 Augustales
816 3417 843 3458 et
860 3400 1047 3464 Hadrianales,
1065 3418 1131 3474 qrros
1149 3420 1183 3454 ex
1199 3399 1382 3476 inscriptioni-

423 3496 473 3549 bus
491 3492 577 3548 dubiis
596 3490 712 3563 conjecit
730 3491 858 3566 Scaliger,
877 3492 935 3560 jure
950 3488 1118 3545 addubitavit
1133 3487 1216 3544 Gutb.
1229 3511 1256 3564 p.
1269 3491 1380 3558 ‹tt-³7.

425 3603 504 3657 quum
522 3582 678 3655 praesertim
696 3603 712 3636 a
728 3581 804 3637 nullo
827 3581 955 3656 scriptore
978 3589 1166 3633 memorentur·
1200 3578 1244 3633 De
1265 3578 1381 3637 Antoni·
1479 3590 1484 3603 '

424 3672 511 3728 nianis
529 3671 607 3726 Saliis
624 3670 706 3726 tradit
723 3670 879 3745 Spartianus
896 3669 943 3724 vit.
962 3665 1090 3722 Caracall.
1108 3686 1130 3721 c.
1147 3666 1174 3724 2.

366 3761 404 3832 ³²)
427 3762 511 3819 Dion.
529 3759 616 3816 Halic.
635 3764 699 3814 Ant.
722 3758 911 3822 Rom.11‚7⁰.

367 3849 405 3924 ³³)
428 3851 514 3906 Macr.
542 3850 597 3903 Sat.
621 3849 641 3912 I,
668 3849 717 3902 12:
756 3847 803 3902 sed
825 3866 860 3900 ne
882 3845 911 3899 in
934 3845 1092 3901 carminibus
1120 3843 1226 3917 quidem
1248 3845 1382 3902 Saliorum

423 3936 537 3995 Veneris
555 3937 610 3992 ulla
626 3949 656 3992 ut
673 3950 824 3993 ceterorum
847 3935 1000 3991 caelestium
1017 3934 1073 3990 laus
1092 3933 1252 3989 celebratur.
1287 3933 1382 3992 Cincio

424 4041 511 4084 autern
529 4025 617 4081 Varro
634 4025 775 4092 consentit,
794 4023 936 4088 affirmans,
953 4044 1053 4079 nornen
1062 4022 1177 4077 Veneris
1195 4041 1230 4076 ne
1247 4022 1296 4076 sub
1314 4025 1381 4095 regi-

423 4117 474 4173 bus
492 4114 598 4190 quidem
616 4115 686 4188 apud
703 4116 839 4169 Romanos
856 4113 902 4169 vel
919 4111 1042 4168 Latinum
1059 4110 1103 4166 vel
1122 4109 1254 4165 Graecum
1272 4111 1362 4167 fuisse.

367 4205 404 4279 ⁸⁴)
426 4205 498 4261 Plut.
515 4203 562 4258 vit.
581 4203 659 4258 Num.
677 4224 701 4259 c·
719 4203 743 4257 8.
762 4202 824 4261 daa’
842 4208 865 4261 ir
893 4197 981 4260 inuris
1002 4193 1177 4275 issispoiasms
1201 4201 1253 4261 reis
1278 4197 1383 4280 agitare

422 4299 488 4361 'isses
516 4294 586 4365 sessis
612 4301 658 4376 μὶν
686 4295 902 4376 siesispsv'psnss,
944 4297 990 4358 assi
1022 4291 1153 4361 uncias
1180 4291 1250 4376 iteris.
1270 4294 1382 4361 irreims
