3400 5042
861 499 911 574 60

353 680 441 747 unde
464 691 496 745 et
516 681 670 745 Lucetium
691 673 767 740 Selii
790 675 823 741 in
850 675 995 741 carmine
1021 687 1171 741 canunt«
1214 679 1311 743 Hune
1337 701 1416 743 vero

354 783 454 848 deum
476 803 573 869 supra
594 777 734 844 vidimus
756 776 900 843 eundem
922 801 991 844 esse
1013 802 1050 844 ac
1066 780 1188 844 Jovem
1210 784 1339 846 Elisium
1360 803 1416 846 seu

354 889 507 962 Elucritm,
529 884 584 971 qui
607 891 640 945 et
660 879 824 966 fulgurum
847 881 1047 967 piandorum
1070 882 1170 946 ritum
1192 883 1337 948 Numam
1359 883 1417 946 do·

354 987 475 1066 coisse,
508 997 540 1051 et
567 982 742 1050 duodecim
774 982 888 1047 ancilia
922 983 962 1047 de
990 982 1084 1049 coelo
1117 983 1272 1066 dejecisse
1306 984 1415 1050 sabula

353 1087 554 1179 perhibetur.
1225 1113 1227 1115 ·

436 1197 470 1270 2)
491 1195 681 1276 Praetexere
702 1199 751 1253 est
769 1189 920 1274 praefari.
955 1187 1057 1275 Quod
1080 1189 1170 1254 enim
1182 1189 1296 1255 Festus
1317 1188 1417 1254 habet

353 1321 382 1359 v.
406 1312 493 1360 tesca
511 1317 543 1380 p.
566 1297 640 1358 ³56:
664 1289 814 1377 »Opilius
835 1302 946 1355 autem
968 1290 1117 1355 Aurelius
1137 1291 1208 1356 loca
1230 1303 1415 1356 consecrata

354 1398 394 1462 ad
418 1393 645 1484 augurandum
668 1392 807 1471 scribsit,
834 1393 891 1457 sed
915 1404 1024 1457 sancta
1046 1393 1116 1458 loca
1139 1394 1283 1483 undique
1305 1405 1416 1482 saepta

353 1502 473 1564 docent
506 1496 653 1562 Pontifici
692 1495 764 1558 libri
776 1519 804 1574 ,α
849 1511 934 1561 tesca
967 1495 1086 1561 eodem
1119 1496 1222 1561 modo
1245 1521 1262 1561 a
1286 1501 1414 1562 texendo

353 1605 522 1680 (terrendo)
548 1623 604 1664 seu
633 1597 833 1683 designando
863 1598 903 1661 ab
931 1597 1109 1684 auguribus
1130 1610 1244 1664 vocata
1266 1599 1417 1663 videntur

359 1729 395 1769 ac
417 1706 486 1769 loca
509 1703 613 1784 effatu
633 1713 665 1766 et
679 1703 763 1784 sana
783 1724 800 1764 a
815 1701 929 1781 fando.

436 1810 472 1886 3)
494 1810 597 1870 Menti
617 1803 735 1869 eodem
757 1802 860 1867 modo
882 1803 1005 1866 dictum
1022 1815 1071 1867 est
1088 1803 1120 1868 in
1132 1815 1259 1870 vetusto
1271 1804 1415 1869 carmine
1511 1850 1513 1854 -

352 1923 448 1998 atque
461 1912 494 1974 in
509 1908 600 1973 libris
614 1905 866 1983 Pontificalibus,
892 1905 947 1968 ubi
964 1905 1123 1994 descripta
1140 1919 1215 1972 sunt
1230 1910 1415 1995 Argeorum

353 2013 488 2078 sacraria
510 2011 543 2074 in
565 2021 691 2096 septem
709 2020 741 2072 et
757 2007 869 2093 viginti
886 2013 1080 2093 Septimontis‘
1090 2014 1238 2075 moriribus
1255 2032 1312 2075 seu
1326 2017 1415 2096 pago

352 2114 506 2202 disposita
529 2115 664 2195 (Varro.
685 2110 776 2196 Ling.
790 2111 858 2174 Lat.
872 2113 912 2189 V,
923 2118 962 2176 45
975 2135 1006 2198 p.
1021 2119 1080 2179 17⁰
1092 2135 1139 2201 sq.
1152 2125 1185 2178 et
1195 2119 1235 2178 5⁰
1246 2135 1278 2199 p.
1290 2118 1331 2178 20
1342 2118 1415 2200 sq.)‚

353 2240 496 2305 quorum
517 2216 602 2278 inter
623 2213 781 2279 solemnia
804 2213 901 2277 etiam
930 2214 1043 2300 viginti
1073 2227 1201 2303 septem
1216 2221 1268 2294 ¹¹²)
1290 2215 1415 2303 effigies

352 2319 527 2385 hominum
560 2317 703 2405 scirpeae
737 2317 922 2404 Argeorum
949 2317 1001 2382 die
1027 2323 1069 2396 (a.
1092 2319 1123 2383 d.
1146 2320 1250 2383 XVll.
1272 2330 1305 2384 et
1325 2321 1414 2384 XVl.

353 2421 424 2488 Cal.
446 2420 569 2508 April.)
591 2419 625 2483 in
647 2418 795 2483 Tiberim
811 2443 829 2484 a
846 2419 1024 2507 virginibus
1041 2421 1229 2486 Vestalibus
1246 2421 1415 2486 demersae

353 2549 424 2590 esse
452 2523 612 2589 videntur.
656 2521 726 2585 Nec
747 2544 850 2608 pauca
873 2535 948 2587 sunt
968 2534 1135 2610 praeterea
1164 2524 1304 2611 vestigia,
1331 2548 1413 2612 quae

352 2649 563 2691 communem
592 2626 778 2711 Argeorum
812 2635 846 2688 et
872 2624 1037 2690 Saliorum
1069 2627 1229 2714 originem
1261 2626 1413 2693 indicant.

351 2729 499 2794 Primum
532 2727 620 2792 enim
656 2738 688 2791 et
714 2726 880 2792 Saliorum
912 2728 1140 2794 exsultationes
1169 2742 1201 2794 et
1229 2731 1414 2818 Argeorum

352 2832 461 2897 oscilla
489 2854 550 2918 pro
580 2829 732 2894 humanis
754 2830 893 2896 victimis
926 2843 1110 2897 consecrata
1144 2833 1311 2911 dicuntur,
1342 2846 1413 2899 tum

350 2936 460 2998 Numa
482 2932 649 3018 fulguralis
675 2934 889 2998 Etruseorum
917 2933 1105 3021 disciplinae
1132 2937 1255 3023 peritus
1281 2948 1317 3000 ut
1342 2937 1413 3000 illo-

350 3061 424 3102 rum
451 3033 660 3100 s'acerdotum
688 3034 864 3115 solemnia,
895 3036 940 3100 sic
966 3041 1147 3124 Argeorum
1172 3062 1303 3127 quoque
1325 3063 1413 3104 sacra

349 3138 522 3204 instituisse
544 3137 661 3216 fertur,
693 3137 811 3202 deinde
832 3138 874 3202 ad
897 3139 1072 3204 Herculem
1094 3141 1257 3206 homicidii
1279 3153 1314 3206 ut
1335 3143 1414 3207 vidi-

349 3265 422 3306 mus
444 3263 631 3306 eversorem
658 3251 755 3326 atque
783 3241 1000 3307 Arcades-vel
1028 3245 1360 3331 Etruscos-Pelasgos
1381 3259 1414 3310 et

351 3344 514 3409 Saliorum
547 3355 579 3406 et
612 3345 795 3428 Argeorum
833 3344 972 3430 origines
1004 3346 1037 3409 in
1069 3346 1186 3411 fabulis
1219 3350 1414 3427 reseruntur,

353 3458 521 3532 postremo
554 3446 669 3510 iisdem
702 3446 823 3510 mensis
856 3447 969 3511 Martii
1005 3449 1119 3513 diebus
1154 3461 1290 3539 utraque
1324 3475 1413 3516 sacra

350 3549 510 3614 celebrata
532 3559 615 3613 sunt.

386 3835 432 3905 ¹¹²)
451 3838 582 3892 Numerus
607 3859 648 3909 ap.
668 3838 745 3892 Varr.
764 3839 795 3891 1..
813 3840 842 3890 L.
863 3838 928 3902 Vll,
946 3839 987 3893 44,
1005 3861 1030 3912 p.
1050 3840 1108 3894 137.
1128 3840 1156 3894 in
1179 3841 1340 3898 Florentino
1364 3845 1412 3900 ob·

451 3946 525 3980 scure
540 3948 570 3982 ae
582 3927 662 3980 dubie
672 3926 867 3999 scriptus,unde
877 3926 922 3981 alii
932 3927 1133 4000 descripserunt
1143 3930 1242 3984 XXIV.
1256 3931 1301 3986 alii
1311 3934 1410 3986 XXlll.

450 4034 563 4069 numero
581 4015 693 4068 XXVll.
712 4016 800 4088 specie
819 4015 958 4070 simillima.
995 4017 1177 4086 Quamobrem
1195 4041 1254 4076 eum
1271 4021 1410 4076 Bunsenio

453 4117 479 4157 et
497 4102 709 4176 Woeningero:
746 4105 800 4158 Das
820 4105 1009 4176 Sacralsystern
1029 4107 1077 4161 der
1094 4109 1201 4163 Romen
1224 4107 1314 4182 Leipz.
1333 4110 1408 4164 1845.

450 4213 476 4264 p.
496 4192 587 4246 140-
599 4193 648 4248 147
676 4193 817 4249 consentio
837 4207 933 4250 contra
950 4197 1163 4251 Mommsenium.
1199 4198 1266 4254 Res.
1281 4197 1408 4252 Zeitsclrr.

451 4282 494 4335 fur
511 4280 627 4338 Altenh.
650 4281 741 4353 Jahrg.
759 4282 783 4336 3.
802 4281 878 4337 1845.
896 4281 949 4339 No.
969 4283 1009 4339 18.
1027 4305 1053 4358 p.
1072 4284 1130 4340 139.
