3400 5042
856 492 929 565 162

364 671 493 758 publica
516 669 644 734 labores
667 680 940 758 tempestatesque
963 673 1123 756 cognovit.
1166 672 1324 753 Ejusdem
1346 697 1430 737 vero

366 775 493 860 generis
515 773 685 859 antiquum
709 796 841 837 carmen
860 774 986 860 profert
998 774 1126 838 Mallius
1139 774 1335 839 Theodorus
1348 798 1430 838 con-

365 877 413 941 sul
436 876 469 940 in
492 876 575 939 libro
599 875 639 938 de
661 875 771 939 metris
795 898 854 938 suo
878 875 927 938 his
951 876 1057 939 verbis
1081 878 1275 963 »Praecepta
1298 876 1428 963 primus

364 978 451 1065 apud
478 978 611 1042 Latinos
638 977 780 1041 Marcius
808 988 895 1040 vates
929 979 1129 1064 composuit,
1168 1002 1207 1042 ex
1235 977 1353 1064 quibus
1376 990 1429 1042 est

364 1081 457 1144 illud:
482 1092 686 1165 ”postremus
698 1078 849 1165 loquaris,
868 1080 992 1165 primus
1010 1083 1184 1160 taceas⁸);«
1208 1103 1320 1166 eaque,
1342 1079 1428 1144 sicut

363 1181 509 1262 ejusdem
532 1181 609 1244 vatis
630 1180 881 1266 praedictiones,
903 1181 1056 1245 Saturnio
1078 1205 1218 1246 numero
1240 1181 1426 1269 composita

363 1283 461 1347 luisse
484 1294 741 1347 consentaneum
764 1281 906 1362 videtur,
938 1283 979 1346 ita
1002 1294 1037 1346 ut
1060 1283 1222 1370 integrum
1243 1282 1426 1347 habeamus

361 1408 511 1449 versum:

444 1487 508 1550 Nn.
532 1493 580 1551 47.
665 1490 840 1551 Postremus
862 1491 1007 1570 loquu‘rr's,
1025 1492 1140 1571 przhrus
1162 1492 1276 1551 tuceds.

444 1589 514 1652 Nos
538 1611 624 1664 vero,
648 1588 750 1674 qualis
768 1586 865 1651 luerit
883 1588 963 1650 ratio
977 1587 1164 1667 hujusmodi
1178 1610 1339 1665 versuum,
1362 1587 1424 1651 fin·

361 1715 436 1776 gere
460 1690 596 1753 sortasse
619 1690 713 1753 uobis
736 1712 909 1775 possumus
938 1689 1091 1752 adhibitis
1114 1690 1261 1778 Dionysii
1285 1685 1424 1754 Catonis

360 1792 504 1857 distichis
527 1792 567 1856 de
589 1792 736 1855 moribus
758 1790 798 1854 ad
822 1789 933 1868 lilium,
956 1791 981 1853 si
999 1791 1102 1854 modo
1120 1793 1225 1878 aliqua
1243 1792 1423 1878 antiquitus

362 1893 498 1960 Catonis
522 1892 695 1958 Censorini
724 1892 859 1957 nomine
887 1893 1030 1979 evulgata
1060 1895 1092 1956 iu
1121 1892 1256 1956 disticha
1285 1893 1337 1957 illa
1366 1918 1423 1958 ex-

360 2010 452 2084 cepta
481 2008 555 2060 sunt
573 2002 610 2077 ⁹).
665 1996 815 2081 Denique
843 1995 1000 2082 placuisse
1029 1993 1216 2074 hujusmodi
1245 1995 1423 2059 sententias

359 2099 503 2164 carmine
524 2097 754 2185 pronunciatas
776 2097 808 2160 in
832 2119 945 2175 scena,
970 2096 1089 2159 docent
1111 2097 1333 2160 Atellanarum
1356 2096 1423 2160 l'ra·

359 2213 490 2287 gmenta
513 2201 549 2265 L.
572 2199 747 2286 Pomponii
770 2209 801 2261 et
824 2197 867 2281 Q.
890 2197 997 2260 Novii.

442 2305 511 2367 Hac
539 2303 662 2366 ratione
691 2323 793 2388 quum
820 2323 882 2386 pro
918 2298 1049 2384 ingenio
1078 2301 1307 2365 Romanorum
1332 2301 1422 2365 rudi-

358 2417 469 2471 menta
497 2405 656 2493 quaedam
686 2401 862 2467 didacticae
888 2402 994 2488 poesis
1019 2403 1086 2480 jam
1113 2404 1288 2489 antiquitus
1316 2415 1420 2467 exsta-

357 2520 450 2587 rent,
493 2529 532 2571 eo
565 2505 689 2570 facilius
720 2503 817 2590 primi
849 2525 965 2567 eorum
999 2514 1114 2589 poetae
1147 2504 1187 2567 ad
1219 2502 1284 2567 hoc
1315 2526 1419 2587 genus

358 2608 491 2676 Graecis
518 2607 619 2671 literis
648 2604 863 2669 excolendum
890 2602 1221 2692 amplificandumque
1253 2627 1287 2670 se
1313 2605 1420 2693 appli-

355 2723 478 2776 cerunt.

833 2927 939 3001 XlV.

420 3084 707 3170 ttlttlctttltt
732 3084 791 3167 llll
819 3081 1040 3167 ctttrttttt
1067 3081 1350 3169 tttlltttlttttt

608 3205 812 3290 Cdlllllllll
843 3204 972 3288 lll'lCll
1005 3203 1159 3288 lttst.

989 3361 1016 3401 Ex
1027 3363 1075 3403 uoto
1087 3363 1154 3403 totum
1166 3372 1246 3404 umen
1258 3374 1335 3416 sequar.

1151 3435 1258 3476 Horam.

438 3583 607 3668 Quoniam
630 3605 668 3645 ex
690 3581 842 3645 omnibus
869 3604 951 3669 quac
978 3582 1187 3669 contemplati
1213 3606 1325 3649 sumus
1351 3609 1412 3672 po-

353 3684 515 3772 pularium
548 3683 634 3772 apud
661 3685 832 3749 Romanos
861 3684 1044 3749 carminum
1078 3685 1250 3770 generibus
1283 3686 1411 3753 nullum

407 3921 432 3993 ⁸)
452 3923 562 3980 Mallius
580 3925 743 3980 Theodorus
762 3924 795 3977 de
818 3923 909 3977 metris
927 3942 953 3995 p.
970 3922 1012 3977 95.
1031 3923 1072 3978 ed.
1095 3923 1261 3997 flausingen
1287 3927 1321 3982 cs.
1340 3927 1410 3982 Zell.

453 4013 542 4085 script.
560 4015 620 4068 Fer.
640 4014 675 4067 II.
695 4034 720 4084 p.
737 4011 797 4075 207,
814 4011 874 4064 224.

406 4100 432 4166 ⁹)
451 4101 514 4156 Hoc
532 4100 577 4155 rel
594 4100 767 4156 Boxhornius
786 4098 928 4153 concedit:
956 4098 1029 4153 Dias.
1048 4099 1081 4153 de
1100 4097 1245 4164 Distichis,
1272 4119 1338 4172 quae
1357 4097 1409 4154 Ca·

452 4190 524 4244 tonis
550 4189 660 4244 nomine
687 4187 924 4250 circumferuntur,
959 4186 988 4240 in
1011 4186 1052 4240 ed.
1077 4186 1112 4240 0.
1131 4188 1238 4242 hrntaii
1260 4186 1294 4242 sd
1318 4185 1406 4242 Rhen.

452 4277 527 4332 175⁴.
547 4295 614 4332 rara.
625 4275 679 4343 fin..
698 4289 813 4332 ceterum
823 4273 965 4330 acerrimus
974 4273 1069 4329 horum
1079 4275 1225 4331 carminum
1233 4272 1407 4347 vituperator.
