3400 5042
767 490 869 571 ¹4⁰

318 670 495 762 agrestium
515 667 675 734 Italorum
696 667 788 734 laetis
809 668 1009 736 solemnibus
1030 669 1240 754 adorabatur,
1259 680 1292 737 et
1311 670 1382 736 Ro·

317 775 423 839 manis
444 769 666 838 sacerdotibus
687 782 756 835 tam
783 794 890 859 prope
918 772 958 837 ad
980 773 1092 838 Martis
1118 783 1270 839 naturam
1292 794 1382 838 acce-

318 876 397 940 dere
418 873 603 951 videbatur,
636 884 671 935 ut
699 872 899 938 Liberaliurn
922 875 991 939 dies
1019 876 1052 939 in
1073 875 1164 940 libris
1185 873 1380 963 pontificum

320 990 352 1043 et
372 976 537 1042 Saliorum
562 978 709 1054 Agerium
730 980 880 1042 Martiale
902 976 1122 1066 appellaretur
1137 982 1190 1056 Ἰ),
1212 973 1379 1040 undenon

319 1080 474 1157 dubium,
496 1077 575 1167 quin
602 1077 662 1164 ipsi
685 1077 762 1142 Salii
790 1101 975 1165 cognomen
1001 1084 1204 1160 Agonersium
1229 1100 1381 1165 suscepe-

319 1185 394 1250 rint.
427 1183 540 1269 ltaque
563 1180 617 1243 ubi
630 1179 768 1244 vernalis
780 1180 856 1245 solis
869 1181 975 1247 calore
998 1205 1111 1247 succus
1123 1205 1141 1246 e
1152 1182 1216 1246 vite
1228 1179 1379 1266 castigata

318 1287 484 1351 interram
497 1281 648 1360 defluere,
671 1295 703 1346 et
714 1305 791 1370 apes
803 1283 868 1348 mel
882 1285 1081 1372 quaesiturae
1099 1285 1132 1350 in
1148 1282 1259 1347 herbis
1269 1282 1379 1370 vagari

319 1387 503 1454 recentibus
530 1395 724 1472 coeperunt,
757 1384 810 1449 hic
837 1387 917 1451 deus
944 1398 980 1451 ut
1001 1386 1073 1451 vitis
1095 1386 1200 1451 almus
1220 1385 1380 1463 inventor,

319 1490 374 1579 qui
397 1489 493 1554 etiam
516 1489 627 1575 apium
649 1510 762 1574 greges
784 1511 883 1552 caveo
906 1513 1058 1554 coercere
1079 1489 1226 1576 primum
1252 1485 1381 1552 docuis-

318 1606 367 1659 set
382 1598 436 1671 ⁷⁴),
456 1590 547 1655 laetis
568 1589 790 1677 hilaribusque
813 1591 1014 1655 solemnibus
1025 1592 1155 1679 publice
1165 1589 1379 1655 recolebatur.

318 1695 419 1776 Cujus
441 1695 560 1774 conjux
581 1692 715 1770 Libera,
747 1705 783 1756 ut
803 1695 940 1758 omnino
968 1696 1084 1760 cadem
1106 1693 1241 1759 numina
1262 1692 1381 1756 Italicis

317 1796 526 1882 religionibus
543 1794 703 1859 feminino
716 1807 748 1859 et
758 1797 938 1861 masculino
952 1821 1070 1884 genere
1081 1798 1255 1885 finguntur,
1267 1818 1380 1860 semen

320 1901 422 1966 estin
444 1913 529 1965 terra
551 1898 770 1977 reconditum,
797 1899 902 1963 donec
929 1901 1038 1965 Liberi
1065 1901 1203 1966 vernalis
1229 1910 1380 1964 contactu

317 2003 423 2068 calido
445 2027 484 2067 ex
506 2000 616 2064 inferis
637 2000 671 2064 in
692 2001 800 2066 lucem
822 2015 1021 2088 provocetur
1037 2008 1085 2082 76).

399 2105 529 2172 Deinde
551 2127 578 2168 e.
601 2105 631 2172 d.
653 2106 742 2169 XIV.
771 2102 841 2168 Cal.
867 2105 998 2192 Apriles
1024 2106 1182 2193 incipiunt
1209 2105 1382 2192 Quinqua-

316 2210 378 2274 tria
398 2209 576 2273 Minervae.
621 2203 723 2284 Cujus
746 2207 826 2271 deae
847 2231 973 2272 nomen
999 2209 1033 2272 in
1061 2209 1201 2297 antiquis
1227 2208 1382 2272 Etrusco-

316 2336 392 2377 rum
418 2309 642 2376 monumentis
668 2313 811 2391 Menerfa
838 2312 905 2375 sive
928 2314 1053 2392 lllenrfa
1078 2310 1236 2398 scriptum
1263 2309 1380 2374 eadem

317 2417 417 2503 stirpe
450 2425 561 2478 ortum
593 2411 736 2490 videtur,
773 2437 810 2477 ac
843 2413 1002 2478 Sabinum
1034 2414 1175 2478 verbum
1200 2415 1295 2477 Nerio
1322 2436 1381 2476 seu

315 2522 437 2596 Nerine,
458 2517 578 2581 fortem
600 2514 697 2578 deam
718 2514 833 2579 Martis
856 2538 993 2581 uxorem
1014 2515 1211 2604 significans,
1238 2515 1326 2579 unde
1348 2526 1381 2579 et

317 2621 439 2687 Sabina
460 2620 568 2704 lingua
595 2644 720 2684 nerones
748 2619 928 2706 appellatos
956 2643 1025 2683 esse
1052 2619 1140 2683 viros
1167 2617 1295 2684 Gellius
1315 2629 1381 2682 tra·

317 2722 365 2789 dit
379 2728 428 2803 76),
449 2734 482 2786 et
502 2722 590 2808 apud
611 2723 781 2785 Romanos
802 2723 921 2787 mansit
942 2745 1006 2786 vox
1020 2748 1127 2786 nervus
1144 2732 1177 2786 et
1193 2742 1380 2806 cognomen

316 2831 409 2894 Nero.
451 2827 498 2890 Ut
518 2846 596 2888 vero
618 2823 700 2888 haec
722 2836 770 2888 est
791 2825 909 2905 conjux
937 2823 1059 2902 Martis,
1086 2824 1133 2888 sic
1159 2823 1318 2888 Romanis
1346 2822 1380 2886 in

319 2929 436 2994 sabulis
457 2927 627 2992 Minervae
649 2927 852 2991 connubium
874 2951 892 2992 a
914 2927 998 2992 veris
1026 2927 1089 2990 deo
1111 2927 1250 3014 petitum
1271 2947 1380 2988 narra-

316 3045 379 3110 tur,
401 3030 565 3097 aGraecis
582 3029 716 3093 demum
728 3029 875 3116 virginali
892 3030 1032 3094 Palladis
1044 3041 1156 3094 natura
1167 3027 1313 3092 immixta
1330 3032 1378 3105 Π).

318 3135 550 3222 Quamobrem
571 3132 652 3196 sicut
672 3155 770 3220 supra
792 3133 933 3196 vidimus
958 3133 1060 3196 multa
1082 3133 1221 3197 deorum
1243 3132 1378 3196 nomina

363 3297 399 3368 ⁷³)
424 3297 465 3353 Cf.
484 3319 510 3352 v.
528 3299 634 3371 Agonia
651 3299 680 3352 in
698 3299 753 3353 ind.
771 3299 846 3355 verb.
865 3300 921 3354 sal.
935 3298 1057 3356 Macrob.
1076 3299 1096 3363 Ι,
1115 3299 1163 3355 18:
1181 3299 1308 3354 Liberum
1322 3321 1379 3354 esse

419 3387 512 3443 Solem
526 3431 531 3442 .
543 3431 548 3441 .
560 3430 566 3442 .
580 3387 672 3443 Liberi
689 3389 770 3462 patris
788 3388 929 3446 simulacra
945 3387 1041 3460 partim
1064 3387 1160 3461 puerili
1181 3400 1268 3443 aetate
1284 3388 1380 3460 partim

417 3477 532 3550 juvenili
556 3476 677 3548 fingunt:
719 3491 860 3552 praeterea
883 3480 996 3533 barbata
1021 3476 1125 3550 specie,
1160 3477 1239 3531 senili
1266 3497 1379 3549 quoque.

418 3569 455 3622 id.
473 3568 495 3633 Ι,
514 3566 563 3621 19:
590 3567 707 3622 Martem
725 3587 756 3621 ac
779 3568 907 3623 Liberum
931 3586 1011 3620 unum
1033 3564 1200 3638 eundemque
1222 3566 1299 3620 deum
1323 3587 1379 3620 esse

419 3655 571 3711 voluerunt.
600 3655 634 3708 cf.
651 3655 725 3726 Virg.
745 3657 844 3728 Georg.
864 3655 975 3722 11‚38⁰.

363 3744 399 3815 ⁷⁴)
419 3744 502 3801 Ovid.
520 3745 591 3798 Fast.
609 3743 659 3808 ΙΙΙ,
677 3744 735 3798 736.

362 3832 398 3903 ⁷⁵)
416 3835 483 3904 Aug.
501 3833 535 3887 de
555 3830 613 3886 Civ.
629 3830 683 3887 Dei
701 3831 749 3896 IV,
767 3830 1010 3886 llet161Jovem
1027 3832 1112 3904 ipsum
1130 3851 1253 3903 praeesse
1270 3831 1379 3886 nornine

419 3919 511 3976 Liberi
527 3921 647 3977 virorum
665 3920 821 3986 seminibus,
842 3920 952 3975 nomine
969 3920 1082 3975 Liberae
1101 3918 1265 3973 seminarum.

363 4011 399 4080 ⁷⁶)
416 4011 504 4066 Plaut.
526 4008 597 4064 Mill.
621 4011 655 4074 ll,
673 4011 697 4063 6.
715 4010 761 4076 34;
788 4010 841 4064 Or.
868 4009 940 4064 Fast.
959 4009 1006 4074 ΙΙΙ,
1023 4009 1084 4062 809.
1120 4009 1174 4063 Hic
1197 4007 1378 4063 adhibendum

421 4099 506 4155 Gellii
524 4110 609 4154 totum
627 4099 856 4172 caputx111,22.

362 4188 399 4261 ⁷⁷)
418 4187 570 4244 Verisimile
587 4201 627 4245 est
648 4188 870 4244 intercessionem
890 4186 988 4241 Annae
1005 4188 1146 4242 Perennae
1170 4187 1198 4241 in
1215 4186 1380 4241 connubium

419 4278 516 4335 Martis
535 4291 562 4336 et
579 4278 723 4339 Minervae
741 4297 789 4334 seu
810 4275 935 4332 Nerienis
958 4288 1015 4332 turn
1036 4277 1141 4333 demum
1164 4276 1293 4334 insertam
1314 4296 1380 4343 esse,
