3400 5042
807 561 881 632 163

320 751 375 817 est,
397 749 555 826 quantum
578 749 610 801 ct
631 738 827 824 scriptorum
843 737 1035 802 testimoniis
1052 738 1174 825 stipsis
1191 737 1379 824 fragmentis

320 841 463 925 dignosci
486 851 603 927 potest,
626 839 714 926 quod
727 839 765 903 ad
780 840 969 904 continuum
982 864 1113 905 carmen
1125 841 1253 928 epicum
1266 840 1378 905 relerri

318 943 433 1028 possit,
461 954 568 1019 restat,
591 954 626 1005 ut
648 942 800 1005 interiora
823 941 876 1005 illa
899 965 982 1029 quae
1009 957 1167 1007 vocantur
1188 955 1378 1029 argumenta

319 1045 357 1109 ad
386 1045 464 1109 illud
489 1043 698 1108 statuendum
730 1042 1061 1133 confirmandumque
1094 1046 1187 1110 allata
1216 1046 1248 1108 in
1277 1044 1379 1108 disce·
1417 1100 1419 1104 .

320 1149 499 1234 ptationem
522 1157 689 1210 vocentur.
724 1146 876 1234 Namque
899 1147 1097 1212 Niebuhrius
1119 1171 1136 1211 a
1159 1147 1281 1211 naeniis
1303 1169 1380 1210 con-

318 1251 540 1338 vivalibusque
563 1247 762 1312 carminibus
785 1249 923 1314 secernit
951 1249 1041 1336 epica
1069 1250 1201 1330 majoris
1229 1249 1381 1336 amplitu-

320 1353 403 1416 dinis
425 1363 585 1440 poemata,
607 1349 692 1413 unde
716 1349 819 1415 soluta
843 1352 884 1415 sit
904 1351 937 1415 in
959 1351 1180 1415 narrationem
1196 1352 1381 1439 prosaicam
1454 1405 1456 1408 ,

320 1478 402 1541 quae
424 1454 510 1540 apud
533 1476 592 1518 nos
615 1452 796 1538 appelletur
817 1475 931 1540 regum
961 1453 1105 1518 historia.
1147 1454 1275 1518 Eorum
1301 1475 1380 1518 vero

319 1554 492 1619 sublimem
515 1553 792 1641 pulchritudinem
814 1554 957 1642 conspici
980 1555 1156 1619 ecarmine
1179 1555 1219 1619 de
1235 1555 1381 1620 Romulo

321 1657 403 1720 etde
418 1655 602 1744 Tarquiniis
621 1657 685 1719 sive
699 1655 738 1718 de
750 1654 891 1720 heroum
908 1656 1089 1721 calamitate
1111 1657 1304 1743 composito,
1326 1656 1381 1720 ubi

321 1771 386 1821 tam
408 1759 508 1822 multa
526 1771 701 1844 poetarum
717 1757 818 1822 libera
836 1759 1033 1846 imaginandi
1052 1759 1082 1822 vi
1102 1759 1230 1822 inventa
1248 1759 1325 1836 sint,
1347 1770 1383 1821 ut

322 1883 396 1924 vera
426 1859 502 1924 inde
530 1872 627 1947 atque
659 1860 782 1946 integra
814 1859 947 1924 historia
980 1860 1070 1924 nullo
1104 1861 1205 1924 modo
1238 1859 1381 1946 dignosci

321 1961 432 2049 possit.
476 1961 635 2047 Quamvis
662 1960 758 2047 igitur
785 1962 997 2026 vetustissima
1018 1962 1058 2025 sit
1084 1961 1234 2025 materies
1261 1960 1381 2026 horum

322 2063 519 2140 carminum,
541 2075 651 2127 tamen
674 2074 705 2126 et
727 2062 872 2126 formam
894 2075 926 2127 et
946 2063 993 2127 rei
1014 2064 1114 2150 ipsius
1136 2085 1286 2148 magnam
1309 2085 1384 2149 par·

322 2177 388 2228 tem
412 2165 599 2230 recentioris
626 2188 695 2228 esse
723 2165 843 2228 aetatis.
892 2164 1045 2252 Namque
1074 2165 1163 2252 quod
1191 2163 1383 2252 pontificum

322 2267 453 2330 annales
479 2267 682 2354 corruperint
709 2264 880 2330 historiam
909 2267 941 2330 in
970 2290 1064 2330 usum
1091 2266 1317 2352 patriciorum,
1349 2266 1383 2331 in

321 2381 389 2432 tota
415 2367 478 2432 hac
507 2369 595 2456 epica
623 2367 713 2454 poesi
741 2367 945 2454 plebejorum
974 2368 1177 2432 voluntatem
1204 2368 1384 2456 odiumque

323 2469 476 2535 adversus
497 2470 650 2558 patricios
673 2470 825 2556 conspici,
848 2481 879 2533 et
901 2481 1011 2556 aperta
1033 2469 1165 2555 vestigia
1182 2470 1325 2556 reperiri,
1347 2494 1383 2534 ea

323 2584 434 2650 aetate,
451 2572 506 2635 ubi
519 2584 645 2636 cantata
663 2573 724 2636 sint
741 2571 793 2635 illa
806 2572 959 2650 carmina,
974 2573 1040 2652 jam
1052 2571 1259 2658 plebeiorum
1270 2583 1383 2657 gentes

322 2676 356 2738 in
385 2673 548 2760 republica
577 2685 726 2761 potentes
754 2673 861 2738 luisse.
912 2673 1142 2758 Quamobrem
1168 2673 1199 2736 in
1222 2696 1295 2737 eam
1316 2673 1384 2737 lor-

323 2799 412 2839 mam
441 2800 540 2864 quam
567 2799 627 2839 nos
654 2775 843 2839 noverimus
874 2799 941 2839 non
968 2787 1042 2839 ante
1069 2773 1195 2838 cladem
1225 2774 1385 2840 Gallicam

323 2879 514 2964 rhapsodias
546 2877 614 2941 illas
647 2878 794 2942 reductas
830 2902 912 2951 esse:
951 2878 1062 2942 medio
1095 2901 1173 2940 vero
1202 2877 1316 2963 quinto
1344 2878 1384 2941 ab

324 2981 405 3044 urbe
433 2980 562 3045 condita
591 2980 719 3044 saeculo
747 2991 782 3042 ut
810 2979 887 3043 artis
914 2979 958 3042 sic
986 2981 1093 3067 poesis
1121 2980 1220 3045 luisse
1252 3003 1385 3044 auream

324 3095 463 3147 aetatem
485 3082 572 3168 apud
595 3085 765 3147 Romanos
779 3086 815 3162 ¹).

407 3191 444 3248 ln
472 3184 562 3249 omni
589 3197 754 3272 praeterea
789 3183 1070 3267 argumentatione
1101 3183 1243 3247 multum
1275 3183 1387 3247 tribuit

212 3287 215 3290 ’
325 3287 525 3351 Niebuhrius
549 3286 784 3374 comparationi
807 3286 1036 3348 Romanorum
1059 3309 1134 3348 cum
1158 3285 1308 3364 Homeri,
1329 3285 1387 3349 Ni-

326 3389 557 3474 belungorum,
580 3388 784 3452 Graecorum
806 3387 996 3450 recentioris
1018 3387 1137 3465 aetatis,
1164 3388 1387 3474 Hispanorum

325 3491 423 3577 epicis
451 3491 657 3555 carminibus.
702 3492 746 3554 Ut
772 3513 851 3552 vero
881 3489 1078 3566 declaretur,
1111 3488 1189 3576 quid
1212 3491 1267 3567 sit,
1297 3488 1386 3577 quod

325 3605 392 3656 tota
414 3592 494 3656 haec
517 3591 664 3656 sublimis
687 3591 778 3678 epica
805 3591 914 3678 poesis
940 3591 992 3654 vix
1020 3613 1086 3655 uno
1115 3591 1245 3655 saeculo
1274 3602 1386 3655 exacto

326 3693 422 3781 plane
445 3694 609 3758 oblivione
633 3694 750 3757 obruta
773 3693 828 3769 sit,
861 3693 970 3756 Ennio
992 3704 1109 3778 poetae
1132 3692 1266 3758 Graecis
1287 3692 1387 3757 literis

326 3796 453 3860 erudito
475 3796 669 3883 imputatur,
696 3794 785 3882 quod
807 3805 911 3858 totam
940 3793 1135 3882 popularem
1158 3795 1387 3860 Romanorum

325 3897 439 3983 poesin
462 3897 695 3983 contempserit
716 3908 748 3960 et
770 3921 844 3960 cum
869 3918 988 3982 magno
1011 3917 1159 3960 successu
1179 3897 1387 3984 oppresserit.

384 4233 411 4303 ¹)
430 4234 473 4290 Cf.
500 4234 575 4288 locos
599 4233 678 4288 Nieb.
702 4232 773 4287 llist.
797 4234 876 4288 Rom·
894 4233 937 4287 ed.
954 4233 979 4286 3,
998 4232 1018 4297 Ι,
1035 4232 1185 4306 ρ.2721ς.
1205 4232 1225 4296 l,
1242 4252 1268 4305 p.
1286 4232 1345 4296 585,
1363 4232 1388 4286 ll

431 4343 456 4396 p.
475 4319 535 4375 585.
