<?xml version="1.0" encoding="UTF-8"?>
<!DOCTYPE html PUBLIC "-//W3C//DTD XHTML 1.0 Transitional//EN"
    "http://www.w3.org/TR/xhtml1/DTD/xhtml1-transitional.dtd">
<html xmlns="http://www.w3.org/1999/xhtml" xml:lang="en" lang="en">
 <head>
  <title>
</title>
<meta http-equiv="Content-Type" content="text/html;charset=utf-8" />
  <meta name='ocr-system' content='tesseract 3.04.00' />
  <meta name='ocr-capabilities' content='ocr_page ocr_carea ocr_par ocr_line ocrx_word'/>
</head>
<body>
  <div class='ocr_page' id='page_1' title='image "./originespoesisr00corsgoog/originespoesisr00corsgoog_0034.png"; bbox 0 0 3400 5042; ppageno 0'>
   <div class='ocr_carea' id='block_1_1' title="bbox 875 499 926 576">
    <p class='ocr_par' dir='ltr' id='par_1_1' title="bbox 875 499 926 576">
     <span class='ocr_line' id='line_1_1' title="bbox 875 499 926 576; baseline 0.02 -1"><span class='ocrx_word' id='word_1_1' title='bbox 875 499 926 576; x_wconf 76' lang='lat'><strong>24</strong></span> 
     </span>
    </p>
   </div>
   <div class='ocr_carea' id='block_1_2' title="bbox 376 677 1436 1073">
    <p class='ocr_par' dir='ltr' id='par_1_2' title="bbox 376 677 1436 1073">
     <span class='ocr_line' id='line_1_2' title="bbox 376 677 1433 756; baseline -0.002 -9"><span class='ocrx_word' id='word_1_2' title='bbox 376 677 650 747; x_wconf 74' lang='lat' dir='ltr'><strong>ratiocinationis:</strong></span> <span class='ocrx_word' id='word_1_3' title='bbox 694 677 791 743; x_wconf 87' lang='lat' dir='ltr'><strong>Sacra</strong></span> <span class='ocrx_word' id='word_1_4' title='bbox 819 678 984 745; x_wconf 85' lang='lat' dir='ltr'><strong>Saliorum</strong></span> <span class='ocrx_word' id='word_1_5' title='bbox 1013 677 1235 756; x_wconf 85' lang='lat' dir='ltr'><strong>sacerdotum,</strong></span> <span class='ocrx_word' id='word_1_6' title='bbox 1268 703 1343 746; x_wconf 90' lang='lat' dir='ltr'><strong>cum</strong></span> <span class='ocrx_word' id='word_1_7' title='bbox 1372 683 1433 745; x_wconf 87' lang='lat' dir='ltr'><strong>lta·</strong></span> 
     </span>
     <span class='ocr_line' id='line_1_3' title="bbox 376 780 1435 869; baseline -0.003 -18"><span class='ocrx_word' id='word_1_8' title='bbox 376 781 516 851; x_wconf 88' lang='lat' dir='ltr'><strong>licorum</strong></span> <span class='ocrx_word' id='word_1_9' title='bbox 539 780 751 869; x_wconf 77' lang='lat' dir='ltr'><strong>Pelasgorum</strong></span> <span class='ocrx_word' id='word_1_10' title='bbox 784 782 917 847; x_wconf 85' lang='lat' dir='ltr'><strong>vetustis</strong></span> <span class='ocrx_word' id='word_1_11' title='bbox 950 780 1161 868; x_wconf 75' lang='lat' dir='ltr'><strong>religionibus</strong></span> <span class='ocrx_word' id='word_1_12' title='bbox 1193 783 1343 848; x_wconf 85' lang='lat' dir='ltr'><strong>Herculis</strong></span> <span class='ocrx_word' id='word_1_13' title='bbox 1376 806 1435 848; x_wconf 92' lang='lat' dir='ltr'><strong>no·</strong></span> 
     </span>
     <span class='ocr_line' id='line_1_4' title="bbox 376 884 1436 972; baseline -0.001 -21"><span class='ocrx_word' id='word_1_14' title='bbox 376 884 465 951; x_wconf 89' lang='lat' dir='ltr'><strong>mine</strong></span> <span class='ocrx_word' id='word_1_15' title='bbox 497 885 677 963; x_wconf 84' lang='lat' dir='ltr'><strong>coniuncta,</strong></span> <span class='ocrx_word' id='word_1_16' title='bbox 706 896 834 972; x_wconf 86' lang='lat' dir='ltr'><strong>praeter</strong></span> <span class='ocrx_word' id='word_1_17' title='bbox 863 896 984 949; x_wconf 85' lang='lat' dir='ltr'><strong>ceteras</strong></span> <span class='ocrx_word' id='word_1_18' title='bbox 1006 895 1117 970; x_wconf 82' lang='lat' dir='ltr'><strong>gentes</strong></span> <span class='ocrx_word' id='word_1_19' title='bbox 1145 885 1232 972; x_wconf 88' lang='lat' dir='ltr'><strong>apud</strong></span> <span class='ocrx_word' id='word_1_20' title='bbox 1264 887 1436 951; x_wconf 85' lang='lat' dir='ltr'><strong>Etruscos·</strong></span> 
     </span>
     <span class='ocr_line' id='line_1_5' title="bbox 376 984 1434 1073; baseline 0.002 -21"><span class='ocrx_word' id='word_1_21' title='bbox 376 985 528 1070; x_wconf 76' lang='lat' dir='ltr'><strong>Pelasgos</strong></span> <span class='ocrx_word' id='word_1_22' title='bbox 560 988 593 1051; x_wconf 93' lang='lat' dir='ltr'><strong>in</strong></span> <span class='ocrx_word' id='word_1_23' title='bbox 621 984 839 1053; x_wconf 86' lang='lat' dir='ltr'><strong>Consentium</strong></span> <span class='ocrx_word' id='word_1_24' title='bbox 868 987 1007 1052; x_wconf 83' lang='lat' dir='ltr'><strong>deorum</strong></span> <span class='ocrx_word' id='word_1_25' title='bbox 1035 987 1243 1073; x_wconf 87' lang='lat' dir='ltr'><strong>lulguralium</strong></span> <span class='ocrx_word' id='word_1_26' title='bbox 1277 1001 1309 1053; x_wconf 88' lang='lat' dir='ltr'><strong>et</strong></span> <span class='ocrx_word' id='word_1_27' title='bbox 1330 989 1434 1057; x_wconf 67' lang='lat' dir='ltr'><strong>,lovis</strong></span> 
     </span>
    </p>
   </div>
   <div class='ocr_carea' id='block_1_3' title="bbox 264 1088 1433 1156">
    <p class='ocr_par' dir='ltr' id='par_1_3' title="bbox 264 1088 1433 1156">
     <span class='ocr_line' id='line_1_6' title="bbox 264 1088 1433 1156; baseline 0.002 -2"><span class='ocrx_word' id='word_1_28' title='bbox 264 1099 266 1103; x_wconf 80' lang='grc'><strong>’</strong></span> <span class='ocrx_word' id='word_1_29' title='bbox 377 1089 499 1154; x_wconf 82' lang='lat' dir='ltr'><strong>Lucetii</strong></span> <span class='ocrx_word' id='word_1_30' title='bbox 535 1112 592 1153; x_wconf 89' lang='lat' dir='ltr'><strong>seu</strong></span> <span class='ocrx_word' id='word_1_31' title='bbox 625 1088 799 1154; x_wconf 85' lang='lat' dir='ltr'><strong>duodecim</strong></span> <span class='ocrx_word' id='word_1_32' title='bbox 832 1092 995 1154; x_wconf 85' lang='lat' dir='ltr'><strong>mensium</strong></span> <span class='ocrx_word' id='word_1_33' title='bbox 1028 1101 1061 1154; x_wconf 89' lang='lat' dir='ltr'><strong>et</strong></span> <span class='ocrx_word' id='word_1_34' title='bbox 1093 1089 1177 1155; x_wconf 91' lang='lat' dir='ltr'><strong>Solis</strong></span> <span class='ocrx_word' id='word_1_35' title='bbox 1214 1090 1313 1154; x_wconf 73' lang='lat' dir='ltr'><strong>annisi</strong></span> <span class='ocrx_word' id='word_1_36' title='bbox 1346 1091 1433 1156; x_wconf 86' lang='lat' dir='ltr'><strong>cuitu</strong></span> 
     </span>
    </p>
   </div>
   <div class='ocr_carea' id='block_1_4' title="bbox 377 1190 1436 2310">
    <p class='ocr_par' dir='ltr' id='par_1_4' title="bbox 377 1190 1436 2310">
     <span class='ocr_line' id='line_1_7' title="bbox 379 1190 1432 1279; baseline 0.001 -22"><span class='ocrx_word' id='word_1_37' title='bbox 379 1192 456 1266; x_wconf 84' lang='lat' dir='ltr'><strong>niti;</strong></span> <span class='ocrx_word' id='word_1_38' title='bbox 508 1190 628 1257; x_wconf 84' lang='lat' dir='ltr'><strong>abhinc</strong></span> <span class='ocrx_word' id='word_1_39' title='bbox 665 1203 697 1256; x_wconf 87' lang='lat' dir='ltr'><strong>et</strong></span> <span class='ocrx_word' id='word_1_40' title='bbox 735 1192 769 1257; x_wconf 91' lang='lat' dir='ltr'><strong>in</strong></span> <span class='ocrx_word' id='word_1_41' title='bbox 801 1193 861 1258; x_wconf 92' lang='lat' dir='ltr'><strong>alia</strong></span> <span class='ocrx_word' id='word_1_42' title='bbox 896 1192 1157 1279; x_wconf 69' lang='lat' dir='ltr'><strong>ltaliae‘oppida</strong></span> <span class='ocrx_word' id='word_1_43' title='bbox 1191 1193 1231 1257; x_wconf 92' lang='lat' dir='ltr'><strong>ad</strong></span> <span class='ocrx_word' id='word_1_44' title='bbox 1265 1217 1432 1258; x_wconf 88' lang='lat' dir='ltr'><strong>summum</strong></span> 
     </span>
     <span class='ocr_line' id='line_1_8' title="bbox 380 1293 1434 1385; baseline 0.002 -25"><span class='ocrx_word' id='word_1_45' title='bbox 380 1317 544 1385; x_wconf 84' lang='lat' dir='ltr'><strong>quemque</strong></span> <span class='ocrx_word' id='word_1_46' title='bbox 567 1293 666 1359; x_wconf 87' lang='lat' dir='ltr'><strong>deum</strong></span> <span class='ocrx_word' id='word_1_47' title='bbox 689 1296 863 1383; x_wconf 84' lang='lat' dir='ltr'><strong>praecipue</strong></span> <span class='ocrx_word' id='word_1_48' title='bbox 886 1295 1118 1360; x_wconf 88' lang='lat' dir='ltr'><strong>celebrandum</strong></span> <span class='ocrx_word' id='word_1_49' title='bbox 1141 1308 1273 1385; x_wconf 85' lang='lat' dir='ltr'><strong>excepta</strong></span> <span class='ocrx_word' id='word_1_50' title='bbox 1297 1320 1379 1375; x_wconf 87' lang='lat' dir='ltr'><strong>esse,</strong></span> <span class='ocrx_word' id='word_1_51' title='bbox 1401 1309 1434 1362; x_wconf 86' lang='lat' dir='ltr'><strong>et</strong></span> 
     </span>
     <span class='ocr_line' id='line_1_9' title="bbox 379 1396 1434 1485; baseline 0.001 -22"><span class='ocrx_word' id='word_1_52' title='bbox 379 1399 521 1472; x_wconf 83' lang='lat' dir='ltr'><strong>Romae,</strong></span> <span class='ocrx_word' id='word_1_53' title='bbox 553 1396 681 1462; x_wconf 88' lang='lat' dir='ltr'><strong>mitiore</strong></span> <span class='ocrx_word' id='word_1_54' title='bbox 709 1397 876 1485; x_wconf 86' lang='lat' dir='ltr'><strong>fulgurum</strong></span> <span class='ocrx_word' id='word_1_55' title='bbox 904 1398 1031 1485; x_wconf 87' lang='lat' dir='ltr'><strong>piaculo</strong></span> <span class='ocrx_word' id='word_1_56' title='bbox 1060 1421 1122 1462; x_wconf 91' lang='lat' dir='ltr'><strong>una</strong></span> <span class='ocrx_word' id='word_1_57' title='bbox 1151 1422 1224 1463; x_wconf 88' lang='lat' dir='ltr'><strong>cum</strong></span> <span class='ocrx_word' id='word_1_58' title='bbox 1247 1421 1335 1463; x_wconf 89' lang='lat' dir='ltr'><strong>novo</strong></span> <span class='ocrx_word' id='word_1_59' title='bbox 1357 1399 1434 1464; x_wconf 91' lang='lat' dir='ltr'><strong>anni</strong></span> 
     </span>
     <span class='ocr_line' id='line_1_10' title="bbox 378 1500 1434 1588; baseline -0.001 -22"><span class='ocrx_word' id='word_1_60' title='bbox 378 1502 607 1587; x_wconf 72' lang='lat' dir='ltr'><strong>mensiumque</strong></span> <span class='ocrx_word' id='word_1_61' title='bbox 646 1501 760 1565; x_wconf 88' lang='lat' dir='ltr'><strong>ordine</strong></span> <span class='ocrx_word' id='word_1_62' title='bbox 795 1502 951 1588; x_wconf 87' lang='lat' dir='ltr'><strong>adoptato</strong></span> <span class='ocrx_word' id='word_1_63' title='bbox 995 1525 1056 1587; x_wconf 91' lang='lat' dir='ltr'><strong>pro</strong></span> <span class='ocrx_word' id='word_1_64' title='bbox 1096 1500 1248 1564; x_wconf 86' lang='lat' dir='ltr'><strong>humanis</strong></span> <span class='ocrx_word' id='word_1_65' title='bbox 1286 1501 1434 1578; x_wconf 86' lang='lat' dir='ltr'><strong>victimis,</strong></span> 
     </span>
     <span class='ocr_line' id='line_1_11' title="bbox 377 1603 1434 1692; baseline -0.002 -21"><span class='ocrx_word' id='word_1_66' title='bbox 377 1605 474 1671; x_wconf 84' lang='lat' dir='ltr'><strong>Marti</strong></span> <span class='ocrx_word' id='word_1_67' title='bbox 495 1603 700 1692; x_wconf 89' lang='lat' dir='ltr'><strong>potissimum</strong></span> <span class='ocrx_word' id='word_1_68' title='bbox 723 1615 755 1667; x_wconf 88' lang='lat' dir='ltr'><strong>et</strong></span> <span class='ocrx_word' id='word_1_69' title='bbox 777 1605 861 1668; x_wconf 89' lang='lat' dir='ltr'><strong>veris</strong></span> <span class='ocrx_word' id='word_1_70' title='bbox 883 1606 944 1668; x_wconf 92' lang='lat' dir='ltr'><strong>deo</strong></span> <span class='ocrx_word' id='word_1_71' title='bbox 968 1616 999 1667; x_wconf 89' lang='lat' dir='ltr'><strong>et</strong></span> <span class='ocrx_word' id='word_1_72' title='bbox 1022 1605 1108 1668; x_wconf 86' lang='lat' dir='ltr'><strong>urbis</strong></span> <span class='ocrx_word' id='word_1_73' title='bbox 1129 1604 1227 1668; x_wconf 86' lang='lat' dir='ltr'><strong>tutori</strong></span> <span class='ocrx_word' id='word_1_74' title='bbox 1250 1617 1434 1669; x_wconf 86' lang='lat' dir='ltr'><strong>consecrata</strong></span> 
     </span>
     <span class='ocr_line' id='line_1_12' title="bbox 378 1707 1435 1794; baseline -0.006 -17"><span class='ocrx_word' id='word_1_75' title='bbox 378 1734 458 1777; x_wconf 87' lang='lat' dir='ltr'><strong>esse.</strong></span> <span class='ocrx_word' id='word_1_76' title='bbox 493 1711 604 1794; x_wconf 91' lang='lat' dir='ltr'><strong>ltaque</strong></span> <span class='ocrx_word' id='word_1_77' title='bbox 618 1707 798 1771; x_wconf 85' lang='lat' dir='ltr'><strong>Mamurius</strong></span> <span class='ocrx_word' id='word_1_78' title='bbox 812 1707 919 1783; x_wconf 81' lang='lat' dir='ltr'><strong>leber,</strong></span> <span class='ocrx_word' id='word_1_79' title='bbox 942 1708 996 1793; x_wconf 93' lang='lat' dir='ltr'><strong>qui</strong></span> <span class='ocrx_word' id='word_1_80' title='bbox 1019 1708 1171 1772; x_wconf 88' lang='lat' dir='ltr'><strong>undecim</strong></span> <span class='ocrx_word' id='word_1_81' title='bbox 1193 1708 1305 1771; x_wconf 90' lang='lat' dir='ltr'><strong>ancilia</strong></span> <span class='ocrx_word' id='word_1_82' title='bbox 1327 1708 1435 1793; x_wconf 90' lang='lat' dir='ltr'><strong>primo</strong></span> 
     </span>
     <span class='ocr_line' id='line_1_13' title="bbox 378 1810 1435 1897; baseline -0.005 -18"><span class='ocrx_word' id='word_1_83' title='bbox 378 1813 468 1879; x_wconf 84' lang='lat' dir='ltr'><strong>addit</strong></span> <span class='ocrx_word' id='word_1_84' title='bbox 489 1811 529 1875; x_wconf 92' lang='lat' dir='ltr'><strong>de</strong></span> <span class='ocrx_word' id='word_1_85' title='bbox 551 1810 644 1889; x_wconf 88' lang='lat' dir='ltr'><strong>coelo</strong></span> <span class='ocrx_word' id='word_1_86' title='bbox 667 1811 769 1896; x_wconf 90' lang='lat' dir='ltr'><strong>laps0,</strong></span> <span class='ocrx_word' id='word_1_87' title='bbox 791 1810 871 1874; x_wconf 88' lang='lat' dir='ltr'><strong>nibil</strong></span> <span class='ocrx_word' id='word_1_88' title='bbox 894 1810 979 1873; x_wconf 90' lang='lat' dir='ltr'><strong>aliud</strong></span> <span class='ocrx_word' id='word_1_89' title='bbox 992 1810 1147 1896; x_wconf 84' lang='lat' dir='ltr'><strong>significat</strong></span> <span class='ocrx_word' id='word_1_90' title='bbox 1159 1835 1256 1897; x_wconf 89' lang='lat' dir='ltr'><strong>quam</strong></span> <span class='ocrx_word' id='word_1_91' title='bbox 1270 1812 1435 1888; x_wconf 85' lang='lat' dir='ltr'><strong>Martium,</strong></span> 
     </span>
     <span class='ocr_line' id='line_1_14' title="bbox 377 1913 1436 2000; baseline -0.003 -20"><span class='ocrx_word' id='word_1_92' title='bbox 377 1916 461 2000; x_wconf 79' lang='lat' dir='ltr'><strong>veris</strong></span> <span class='ocrx_word' id='word_1_93' title='bbox 483 1937 631 1979; x_wconf 89' lang='lat' dir='ltr'><strong>mensem</strong></span> <span class='ocrx_word' id='word_1_94' title='bbox 653 1936 712 1999; x_wconf 90' lang='lat' dir='ltr'><strong>pro</strong></span> <span class='ocrx_word' id='word_1_95' title='bbox 736 1925 869 1978; x_wconf 87' lang='lat' dir='ltr'><strong>naturae</strong></span> <span class='ocrx_word' id='word_1_96' title='bbox 893 1914 962 1999; x_wconf 89' lang='lat' dir='ltr'><strong>lege</strong></span> <span class='ocrx_word' id='word_1_97' title='bbox 991 1915 1066 1977; x_wconf 87' lang='lat' dir='ltr'><strong>anni</strong></span> <span class='ocrx_word' id='word_1_98' title='bbox 1094 1915 1257 2000; x_wconf 65' lang='lat' dir='ltr'><strong>primum,</strong></span> <span class='ocrx_word' id='word_1_99' title='bbox 1285 1913 1363 1977; x_wconf 88' lang='lat' dir='ltr'><strong>solis</strong></span> <span class='ocrx_word' id='word_1_100' title='bbox 1384 1938 1436 1977; x_wconf 88' lang='lat' dir='ltr'><strong>ca-</strong></span> 
     </span>
     <span class='ocr_line' id='line_1_15' title="bbox 381 2016 1434 2105; baseline -0.002 -21"><span class='ocrx_word' id='word_1_101' title='bbox 381 2019 450 2088; x_wconf 84' lang='lat' dir='ltr'><strong>lore</strong></span> <span class='ocrx_word' id='word_1_102' title='bbox 472 2028 702 2105; x_wconf 88' lang='lat' dir='ltr'><strong>provocatum,</strong></span> <span class='ocrx_word' id='word_1_103' title='bbox 735 2040 834 2104; x_wconf 87' lang='lat' dir='ltr'><strong>quem</strong></span> <span class='ocrx_word' id='word_1_104' title='bbox 863 2016 1036 2080; x_wconf 89' lang='lat' dir='ltr'><strong>duodecim</strong></span> <span class='ocrx_word' id='word_1_105' title='bbox 1059 2017 1110 2080; x_wconf 88' lang='lat' dir='ltr'><strong>alii</strong></span> <span class='ocrx_word' id='word_1_106' title='bbox 1138 2017 1283 2096; x_wconf 88' lang='lat' dir='ltr'><strong>ejusdem</strong></span> <span class='ocrx_word' id='word_1_107' title='bbox 1306 2017 1434 2103; x_wconf 87' lang='lat' dir='ltr'><strong>generis</strong></span> 
     </span>
     <span class='ocr_line' id='line_1_16' title="bbox 380 2119 1434 2207; baseline -0.001 -22"><span class='ocrx_word' id='word_1_108' title='bbox 380 2119 587 2207; x_wconf 87' lang='lat' dir='ltr'><strong>(consentes)</strong></span> <span class='ocrx_word' id='word_1_109' title='bbox 620 2132 808 2207; x_wconf 87' lang='lat' dir='ltr'><strong>sequuntur.</strong></span> <span class='ocrx_word' id='word_1_110' title='bbox 874 2119 968 2204; x_wconf 78' lang='lat' dir='ltr'><strong>Quae</strong></span> <span class='ocrx_word' id='word_1_111' title='bbox 1002 2144 1068 2183; x_wconf 88' lang='lat' dir='ltr'><strong>non</strong></span> <span class='ocrx_word' id='word_1_112' title='bbox 1102 2143 1256 2207; x_wconf 88' lang='lat' dir='ltr'><strong>suspensa</strong></span> <span class='ocrx_word' id='word_1_113' title='bbox 1290 2119 1434 2197; x_wconf 89' lang='lat' dir='ltr'><strong>haerere,</strong></span> 
     </span>
     <span class='ocr_line' id='line_1_17' title="bbox 378 2221 1434 2310; baseline -0.004 -18"><span class='ocrx_word' id='word_1_114' title='bbox 378 2221 626 2292; x_wconf 87' lang='lat' dir='ltr'><strong>confirmabitur</strong></span> <span class='ocrx_word' id='word_1_115' title='bbox 647 2223 863 2310; x_wconf 83' lang='lat' dir='ltr'><strong>disputatione</strong></span> <span class='ocrx_word' id='word_1_116' title='bbox 886 2223 926 2287; x_wconf 90' lang='lat' dir='ltr'><strong>de</strong></span> <span class='ocrx_word' id='word_1_117' title='bbox 948 2223 1062 2287; x_wconf 88' lang='lat' dir='ltr'><strong>Martis</strong></span> <span class='ocrx_word' id='word_1_118' title='bbox 1084 2235 1196 2287; x_wconf 86' lang='lat' dir='ltr'><strong>natura</strong></span> <span class='ocrx_word' id='word_1_119' title='bbox 1218 2225 1328 2310; x_wconf 92' lang='lat' dir='ltr'><strong>paullo</strong></span> <span class='ocrx_word' id='word_1_120' title='bbox 1350 2223 1434 2288; x_wconf 84' lang='lat' dir='ltr'><strong>infra</strong></span> 
     </span>
    </p>
   </div>
   <div class='ocr_carea' id='block_1_5' title="bbox 311 2326 585 2397">
    <p class='ocr_par' dir='ltr' id='par_1_5' title="bbox 311 2326 585 2397">
     <span class='ocr_line' id='line_1_18' title="bbox 311 2326 585 2397; baseline -0.007 -6"><span class='ocrx_word' id='word_1_121' title='bbox 311 2386 313 2391; x_wconf 91' lang='lat'><em>.</em></span> <span class='ocrx_word' id='word_1_122' title='bbox 378 2326 585 2397; x_wconf 87' lang='lat' dir='ltr'><strong>instituenda.</strong></span> 
     </span>
    </p>
   </div>
   <div class='ocr_carea' id='block_1_6' title="bbox 378 2427 1440 3653">
    <p class='ocr_par' dir='ltr' id='par_1_6' title="bbox 378 2427 1440 3653">
     <span class='ocr_line' id='line_1_19' title="bbox 383 2427 1435 2517; baseline -0.001 -23"><span class='ocrx_word' id='word_1_123' title='bbox 383 2482 385 2486; x_wconf 23' lang='lat' dir='ltr'><strong>a</strong></span> <span class='ocrx_word' id='word_1_124' title='bbox 461 2429 513 2494; x_wconf 87' lang='lat' dir='ltr'><strong>Ad</strong></span> <span class='ocrx_word' id='word_1_125' title='bbox 535 2429 673 2494; x_wconf 86' lang='lat' dir='ltr'><strong>alterum</strong></span> <span class='ocrx_word' id='word_1_126' title='bbox 695 2428 790 2515; x_wconf 88' lang='lat' dir='ltr'><strong>igitur</strong></span> <span class='ocrx_word' id='word_1_127' title='bbox 812 2427 890 2492; x_wconf 91' lang='lat' dir='ltr'><strong>illud</strong></span> <span class='ocrx_word' id='word_1_128' title='bbox 913 2429 1077 2506; x_wconf 87' lang='lat' dir='ltr'><strong>venimus,</strong></span> <span class='ocrx_word' id='word_1_129' title='bbox 1099 2441 1147 2507; x_wconf 91' lang='lat' dir='ltr'><strong>ut,</strong></span> <span class='ocrx_word' id='word_1_130' title='bbox 1169 2428 1324 2516; x_wconf 89' lang='lat' dir='ltr'><strong>quoniam</strong></span> <span class='ocrx_word' id='word_1_131' title='bbox 1348 2429 1435 2517; x_wconf 89' lang='lat' dir='ltr'><strong>apud</strong></span> 
     </span>
     <span class='ocr_line' id='line_1_20' title="bbox 378 2531 1440 2619; baseline -0.008 -19"><span class='ocrx_word' id='word_1_132' title='bbox 378 2532 512 2601; x_wconf 88' lang='lat' dir='ltr'><strong>rusticas</strong></span> <span class='ocrx_word' id='word_1_133' title='bbox 533 2533 681 2597; x_wconf 85' lang='lat' dir='ltr'><strong>nationes</strong></span> <span class='ocrx_word' id='word_1_134' title='bbox 703 2531 797 2596; x_wconf 91' lang='lat' dir='ltr'><strong>unius</strong></span> <span class='ocrx_word' id='word_1_135' title='bbox 819 2533 974 2619; x_wconf 88' lang='lat' dir='ltr'><strong>cujusque</strong></span> <span class='ocrx_word' id='word_1_136' title='bbox 1003 2531 1145 2595; x_wconf 90' lang='lat' dir='ltr'><strong>numinis</strong></span> <span class='ocrx_word' id='word_1_137' title='bbox 1167 2531 1294 2596; x_wconf 87' lang='lat' dir='ltr'><strong>indoles</strong></span> <span class='ocrx_word' id='word_1_138' title='bbox 1321 2556 1358 2596; x_wconf 90' lang='lat' dir='ltr'><strong>ac</strong></span> <span class='ocrx_word' id='word_1_139' title='bbox 1380 2557 1440 2597; x_wconf 83' lang='lat' dir='ltr'><strong>na-.</strong></span> 
     </span>
     <span class='ocr_line' id='line_1_21' title="bbox 378 2635 1436 2722; baseline -0.003 -19"><span class='ocrx_word' id='word_1_140' title='bbox 378 2635 568 2704; x_wconf 74' lang='lat' dir='ltr'><strong>cursoriam</strong></span> <span class='ocrx_word' id='word_1_141' title='bbox 591 2636 625 2700; x_wconf 91' lang='lat' dir='ltr'><strong>in</strong></span> <span class='ocrx_word' id='word_1_142' title='bbox 646 2637 853 2722; x_wconf 80' lang='lat' dir='ltr'><strong>temporibus</strong></span> <span class='ocrx_word' id='word_1_143' title='bbox 878 2635 963 2711; x_wconf 86' lang='lat' dir='ltr'><strong>anni,</strong></span> <span class='ocrx_word' id='word_1_144' title='bbox 997 2635 1113 2722; x_wconf 88' lang='lat' dir='ltr'><strong>quibus</strong></span> <span class='ocrx_word' id='word_1_145' title='bbox 1135 2636 1294 2715; x_wconf 85' lang='lat' dir='ltr'><strong>ejusmodi</strong></span> <span class='ocrx_word' id='word_1_146' title='bbox 1317 2636 1436 2701; x_wconf 87' lang='lat' dir='ltr'><strong>solem-</strong></span> 
     </span>
     <span class='ocr_line' id='line_1_22' title="bbox 379 2738 1436 2828; baseline -0.003 -22"><span class='ocrx_word' id='word_1_147' title='bbox 379 2741 431 2807; x_wconf 87' lang='lat' dir='ltr'><strong>nia</strong></span> <span class='ocrx_word' id='word_1_148' title='bbox 453 2750 661 2828; x_wconf 86' lang='lat' dir='ltr'><strong>peraguntur,</strong></span> <span class='ocrx_word' id='word_1_149' title='bbox 683 2739 740 2802; x_wconf 90' lang='lat' dir='ltr'><strong>niti</strong></span> <span class='ocrx_word' id='word_1_150' title='bbox 763 2741 803 2802; x_wconf 90' lang='lat' dir='ltr'><strong>ab</strong></span> <span class='ocrx_word' id='word_1_151' title='bbox 826 2738 931 2826; x_wconf 89' lang='lat' dir='ltr'><strong>aliqua</strong></span> <span class='ocrx_word' id='word_1_152' title='bbox 954 2750 1046 2824; x_wconf 85' lang='lat' dir='ltr'><strong>parte</strong></span> <span class='ocrx_word' id='word_1_153' title='bbox 1068 2738 1204 2814; x_wconf 87' lang='lat' dir='ltr'><strong>videtur,</strong></span> <span class='ocrx_word' id='word_1_154' title='bbox 1226 2739 1273 2802; x_wconf 88' lang='lat' dir='ltr'><strong>de</strong></span> <span class='ocrx_word' id='word_1_155' title='bbox 1289 2739 1338 2803; x_wconf 92' lang='lat' dir='ltr'><strong>his</strong></span> <span class='ocrx_word' id='word_1_156' title='bbox 1360 2740 1436 2827; x_wconf 87' lang='lat' dir='ltr'><strong>ipsis</strong></span> 
     </span>
     <span class='ocr_line' id='line_1_23' title="bbox 379 2839 1436 2926; baseline -0.004 -16"><span class='ocrx_word' id='word_1_157' title='bbox 379 2867 467 2910; x_wconf 91' lang='lat' dir='ltr'><strong>nunc</strong></span> <span class='ocrx_word' id='word_1_158' title='bbox 499 2865 639 2926; x_wconf 78' lang='lat' dir='ltr'><strong>agamus.</strong></span> <span class='ocrx_word' id='word_1_159' title='bbox 706 2839 859 2906; x_wconf 84' lang='lat' dir='ltr'><strong>Calendis</strong></span> <span class='ocrx_word' id='word_1_160' title='bbox 887 2840 1011 2904; x_wconf 87' lang='lat' dir='ltr'><strong>Martiis</strong></span> <span class='ocrx_word' id='word_1_161' title='bbox 1045 2865 1134 2905; x_wconf 90' lang='lat' dir='ltr'><strong>arma</strong></span> <span class='ocrx_word' id='word_1_162' title='bbox 1167 2843 1309 2906; x_wconf 88' lang='lat' dir='ltr'><strong>movisse</strong></span> <span class='ocrx_word' id='word_1_163' title='bbox 1332 2844 1436 2908; x_wconf 82' lang='lat' dir='ltr'><strong>Salios</strong></span> 
     </span>
     <span class='ocr_line' id='line_1_24' title="bbox 380 2940 1438 3038; baseline -0.003 -24"><span class='ocrx_word' id='word_1_164' title='bbox 380 2971 483 3038; x_wconf 90' lang='lat' dir='ltr'><strong>quum</strong></span> <span class='ocrx_word' id='word_1_165' title='bbox 496 2940 606 3010; x_wconf 88' lang='lat' dir='ltr'><strong>Ovidii</strong></span> <span class='ocrx_word' id='word_1_166' title='bbox 621 2943 722 3022; x_wconf 88' lang='lat' dir='ltr'><strong>lastis,</strong></span> <span class='ocrx_word' id='word_1_167' title='bbox 743 2943 883 3032; x_wconf 85' lang='lat' dir='ltr'><strong>antiquis</strong></span> <span class='ocrx_word' id='word_1_168' title='bbox 897 2941 1117 3022; x_wconf 83' lang='lat' dir='ltr'><strong>Calendariis‚</strong></span> <span class='ocrx_word' id='word_1_169' title='bbox 1139 2944 1334 3030; x_wconf 87' lang='lat' dir='ltr'><strong>scriptorum</strong></span> <span class='ocrx_word' id='word_1_170' title='bbox 1348 2947 1438 3011; x_wconf 89' lang='lat' dir='ltr'><strong>deni-</strong></span> 
     </span>
     <span class='ocr_line' id='line_1_25' title="bbox 380 3047 1435 3141; baseline -0.003 -25"><span class='ocrx_word' id='word_1_171' title='bbox 380 3076 444 3141; x_wconf 90' lang='lat' dir='ltr'><strong>que</strong></span> <span class='ocrx_word' id='word_1_172' title='bbox 466 3048 545 3115; x_wconf 90' lang='lat' dir='ltr'><strong>locis</strong></span> <span class='ocrx_word' id='word_1_173' title='bbox 567 3060 707 3125; x_wconf 84' lang='lat' dir='ltr'><strong>constet,</strong></span> <span class='ocrx_word' id='word_1_174' title='bbox 738 3071 798 3134; x_wconf 88' lang='lat' dir='ltr'><strong>per</strong></span> <span class='ocrx_word' id='word_1_175' title='bbox 824 3047 946 3110; x_wconf 86' lang='lat' dir='ltr'><strong>multos</strong></span> <span class='ocrx_word' id='word_1_176' title='bbox 976 3047 1043 3111; x_wconf 89' lang='lat' dir='ltr'><strong>dies</strong></span> <span class='ocrx_word' id='word_1_177' title='bbox 1071 3049 1227 3111; x_wconf 88' lang='lat' dir='ltr'><strong>solemnia</strong></span> <span class='ocrx_word' id='word_1_178' title='bbox 1250 3049 1435 3114; x_wconf 86' lang='lat' dir='ltr'><strong>continuata</strong></span> 
     </span>
     <span class='ocr_line' id='line_1_26' title="bbox 382 3150 1436 3240; baseline -0.005 -19"><span class='ocrx_word' id='word_1_179' title='bbox 382 3178 451 3220; x_wconf 88' lang='lat' dir='ltr'><strong>esse</strong></span> <span class='ocrx_word' id='word_1_180' title='bbox 485 3163 518 3216; x_wconf 89' lang='lat' dir='ltr'><strong>et</strong></span> <span class='ocrx_word' id='word_1_181' title='bbox 545 3151 723 3240; x_wconf 88' lang='lat' dir='ltr'><strong>Dionysius</strong></span> <span class='ocrx_word' id='word_1_182' title='bbox 756 3150 954 3227; x_wconf 83' lang='lat' dir='ltr'><strong>observavit,</strong></span> <span class='ocrx_word' id='word_1_183' title='bbox 988 3162 1020 3213; x_wconf 86' lang='lat' dir='ltr'><strong>et</strong></span> <span class='ocrx_word' id='word_1_184' title='bbox 1048 3150 1158 3214; x_wconf 83' lang='lat' dir='ltr'><strong>Livius</strong></span> <span class='ocrx_word' id='word_1_185' title='bbox 1186 3150 1299 3228; x_wconf 89' lang='lat' dir='ltr'><strong>docet,</strong></span> <span class='ocrx_word' id='word_1_186' title='bbox 1333 3175 1436 3240; x_wconf 91' lang='lat' dir='ltr'><strong>quum</strong></span> 
     </span>
     <span class='ocr_line' id='line_1_27' title="bbox 380 3253 1436 3342; baseline -0.005 -18"><span class='ocrx_word' id='word_1_187' title='bbox 380 3269 482 3324; x_wconf 87' lang='lat' dir='ltr'><strong>eastra</strong></span> <span class='ocrx_word' id='word_1_188' title='bbox 505 3255 617 3320; x_wconf 86' lang='lat' dir='ltr'><strong>stativa</strong></span> <span class='ocrx_word' id='word_1_189' title='bbox 639 3254 812 3342; x_wconf 90' lang='lat' dir='ltr'><strong>aliquando</strong></span> <span class='ocrx_word' id='word_1_190' title='bbox 845 3277 904 3339; x_wconf 92' lang='lat' dir='ltr'><strong>per</strong></span> <span class='ocrx_word' id='word_1_191' title='bbox 926 3253 993 3316; x_wconf 90' lang='lat' dir='ltr'><strong>dies</strong></span> <span class='ocrx_word' id='word_1_192' title='bbox 1021 3254 1227 3331; x_wconf 86' lang='lat' dir='ltr'><strong>anciliorum,</strong></span> <span class='ocrx_word' id='word_1_193' title='bbox 1260 3255 1377 3341; x_wconf 90' lang='lat' dir='ltr'><strong>quibus</strong></span> <span class='ocrx_word' id='word_1_194' title='bbox 1401 3256 1436 3320; x_wconf 90' lang='lat' dir='ltr'><strong>P.</strong></span> 
     </span>
     <span class='ocr_line' id='line_1_28' title="bbox 381 3355 1435 3448; baseline -0.006 -21"><span class='ocrx_word' id='word_1_195' title='bbox 381 3360 490 3448; x_wconf 89' lang='lat' dir='ltr'><strong>Scipio</strong></span> <span class='ocrx_word' id='word_1_196' title='bbox 513 3358 617 3423; x_wconf 86' lang='lat' dir='ltr'><strong>Salius</strong></span> <span class='ocrx_word' id='word_1_197' title='bbox 639 3357 794 3443; x_wconf 88' lang='lat' dir='ltr'><strong>religione</strong></span> <span class='ocrx_word' id='word_1_198' title='bbox 822 3358 862 3419; x_wconf 90' lang='lat' dir='ltr'><strong>ab</strong></span> <span class='ocrx_word' id='word_1_199' title='bbox 886 3355 1026 3419; x_wconf 88' lang='lat' dir='ltr'><strong>exercitu</strong></span> <span class='ocrx_word' id='word_1_200' title='bbox 1054 3356 1229 3437; x_wconf 87' lang='lat' dir='ltr'><strong>disjunctus</strong></span> <span class='ocrx_word' id='word_1_201' title='bbox 1250 3357 1362 3436; x_wconf 85' lang='lat' dir='ltr'><strong>luerit,</strong></span> <span class='ocrx_word' id='word_1_202' title='bbox 1394 3359 1435 3421; x_wconf 92' lang='lat' dir='ltr'><strong>ad</strong></span> 
     </span>
     <span class='ocr_line' id='line_1_29' title="bbox 381 3459 1435 3550; baseline -0.004 -22"><span class='ocrx_word' id='word_1_203' title='bbox 381 3463 631 3550; x_wconf 85' lang='lat' dir='ltr'><strong>Hellespontum</strong></span> <span class='ocrx_word' id='word_1_204' title='bbox 653 3459 756 3548; x_wconf 88' lang='lat' dir='ltr'><strong>posita</strong></span> <span class='ocrx_word' id='word_1_205' title='bbox 780 3483 849 3523; x_wconf 91' lang='lat' dir='ltr'><strong>esse</strong></span> <span class='ocrx_word' id='word_1_206' title='bbox 871 3471 979 3524; x_wconf 88' lang='lat' dir='ltr'><strong>narret</strong></span> <span class='ocrx_word' id='word_1_207' title='bbox 1000 3461 1054 3543; x_wconf 78' lang='lat'>²³).</span> <span class='ocrx_word' id='word_1_208' title='bbox 1108 3460 1159 3523; x_wconf 91' lang='lat' dir='ltr'><strong>Ne</strong></span> <span class='ocrx_word' id='word_1_209' title='bbox 1181 3462 1279 3524; x_wconf 85' lang='lat' dir='ltr'><strong>Festo</strong></span> <span class='ocrx_word' id='word_1_210' title='bbox 1302 3461 1435 3548; x_wconf 88' lang='lat' dir='ltr'><strong>quidem</strong></span> 
     </span>
     <span class='ocr_line' id='line_1_30' title="bbox 381 3561 1438 3653; baseline -0.008 -16"><span class='ocrx_word' id='word_1_211' title='bbox 381 3566 518 3637; x_wconf 84' lang='lat' dir='ltr'><strong>certiora</strong></span> <span class='ocrx_word' id='word_1_212' title='bbox 543 3564 700 3642; x_wconf 81' lang='lat' dir='ltr'><strong>tradente,</strong></span> <span class='ocrx_word' id='word_1_213' title='bbox 728 3563 863 3653; x_wconf 88' lang='lat' dir='ltr'><strong>diligens</strong></span> <span class='ocrx_word' id='word_1_214' title='bbox 892 3586 928 3627; x_wconf 91' lang='lat' dir='ltr'><strong>ac</strong></span> <span class='ocrx_word' id='word_1_215' title='bbox 950 3561 1095 3649; x_wconf 90' lang='lat' dir='ltr'><strong>prudens</strong></span> <span class='ocrx_word' id='word_1_216' title='bbox 1125 3563 1279 3652; x_wconf 84' lang='lat' dir='ltr'><strong>Polybius</strong></span> <span class='ocrx_word' id='word_1_217' title='bbox 1302 3564 1355 3646; x_wconf 78' lang='lat'><strong>²⁴),</strong></span> <span class='ocrx_word' id='word_1_218' title='bbox 1376 3587 1438 3652; x_wconf 90' lang='lat' dir='ltr'><strong>per</strong></span> 
     </span>
    </p>
   </div>
   <div class='ocr_carea' id='block_1_7' title="bbox 383 3737 593 3755">
    <p class='ocr_par' dir='ltr' id='par_1_7' title="bbox 383 3737 593 3755">
     <span class='ocr_line' id='line_1_31' title="bbox 383 3737 593 3755; baseline -0.014 0"><span class='ocrx_word' id='word_1_219' title='bbox 383 3737 593 3755; x_wconf 47' lang='grc' dir='ltr'><strong><em>Μ</em></strong></span> 
     </span>
    </p>
   </div>
   <div class='ocr_carea' id='block_1_8' title="bbox 414 3829 1438 4361">
    <p class='ocr_par' dir='ltr' id='par_1_8' title="bbox 414 3829 1437 4250">
     <span class='ocr_line' id='line_1_32' title="bbox 414 3829 1437 3914; baseline 0 -22"><span class='ocrx_word' id='word_1_220' title='bbox 414 3835 452 3910; x_wconf 82' lang='lat'><strong>²³)</strong></span> <span class='ocrx_word' id='word_1_221' title='bbox 483 3836 565 3892; x_wconf 91' lang='lat' dir='ltr'><strong>Dion.</strong></span> <span class='ocrx_word' id='word_1_222' title='bbox 584 3833 646 3889; x_wconf 74' lang='lat' dir='ltr'><strong>Ant.</strong></span> <span class='ocrx_word' id='word_1_223' title='bbox 665 3835 742 3889; x_wconf 89' lang='lat' dir='ltr'><strong>Rom.</strong></span> <span class='ocrx_word' id='word_1_224' title='bbox 760 3834 796 3897; x_wconf 81' lang='lat' dir='ltr'><strong>ll.</strong></span> <span class='ocrx_word' id='word_1_225' title='bbox 814 3835 848 3888; x_wconf 81' lang='lat'><strong>70</strong></span> <span class='ocrx_word' id='word_1_226' title='bbox 875 3833 940 3914; x_wconf 68' lang='lat' dir='ltr'><strong>isgri</strong></span> <span class='ocrx_word' id='word_1_227' title='bbox 954 3830 1056 3891; x_wconf 65' lang='lat' dir='ltr'><strong>l&#39;arirdr</strong></span> <span class='ocrx_word' id='word_1_228' title='bbox 1072 3837 1125 3889; x_wconf 75' lang='grc' dir='ltr'><strong>ἔστι</strong></span> <span class='ocrx_word' id='word_1_229' title='bbox 1138 3833 1193 3912; x_wconf 56' lang='grc' dir='ltr'><strong>περὶ</strong></span> <span class='ocrx_word' id='word_1_230' title='bbox 1208 3829 1248 3890; x_wconf 64' lang='grc' dir='ltr'><strong>ἰα’</strong></span> <span class='ocrx_word' id='word_1_231' title='bbox 1260 3835 1437 3910; x_wconf 63' lang='grc' dir='ltr'><strong><em>Παναθήναια,</em></strong></span> 
     </span>
     <span class='ocr_line' id='line_1_33' title="bbox 481 3912 1436 3998; baseline 0 -22"><span class='ocrx_word' id='word_1_232' title='bbox 481 3922 517 3998; x_wconf 60' lang='grc' dir='ltr'><strong>τῇ</strong></span> <span class='ocrx_word' id='word_1_233' title='bbox 532 3915 677 3994; x_wconf 61' lang='grc' dir='ltr'><strong><em>καλουμένῳ</em></strong></span> <span class='ocrx_word' id='word_1_234' title='bbox 686 3915 793 3996; x_wconf 67' lang='grc' dir='ltr'><strong><em>Μαςτῖςν</em></strong></span> <span class='ocrx_word' id='word_1_235' title='bbox 807 3920 875 3992; x_wconf 77' lang='grc' dir='ltr'><strong><em>μηνὶ,</em></strong></span> <span class='ocrx_word' id='word_1_236' title='bbox 887 3915 1023 3992; x_wconf 62' lang='grc' dir='ltr'><strong><em>δημοτελὴς</em></strong></span> <span class='ocrx_word' id='word_1_237' title='bbox 1040 3917 1081 3973; x_wconf 72' lang='lat' dir='ltr'><strong>ixi</strong></span> <span class='ocrx_word' id='word_1_238' title='bbox 1097 3912 1191 3978; x_wconf 64' lang='lat' dir='ltr'><strong>notorie</strong></span> <span class='ocrx_word' id='word_1_239' title='bbox 1207 3917 1300 3997; x_wconf 68' lang='grc' dir='ltr'><strong><em>ἦμίςας</em></strong></span> <span class='ocrx_word' id='word_1_240' title='bbox 1315 3918 1436 3993; x_wconf 52' lang='lat' dir='ltr'><strong>dyonisii.</strong></span> 
     </span>
     <span class='ocr_line' id='line_1_34' title="bbox 485 4012 1436 4086; baseline 0.001 -17"><span class='ocrx_word' id='word_1_241' title='bbox 485 4017 518 4073; x_wconf 84' lang='lat' dir='ltr'><strong>ci.</strong></span> <span class='ocrx_word' id='word_1_242' title='bbox 537 4015 594 4069; x_wconf 83' lang='lat' dir='ltr'><strong>Liv.</strong></span> <span class='ocrx_word' id='word_1_243' title='bbox 605 4012 745 4075; x_wconf 85' lang='lat' dir='ltr'>XXXVII,</span> <span class='ocrx_word' id='word_1_244' title='bbox 763 4013 813 4076; x_wconf 77' lang='lat'><strong>333</strong></span> <span class='ocrx_word' id='word_1_245' title='bbox 832 4012 918 4067; x_wconf 89' lang='lat' dir='ltr'><strong>Tacit.</strong></span> <span class='ocrx_word' id='word_1_246' title='bbox 928 4014 999 4067; x_wconf 87' lang='lat' dir='ltr'><strong>Hist.</strong></span> <span class='ocrx_word' id='word_1_247' title='bbox 1018 4015 1038 4076; x_wconf 86' lang='grc' dir='ltr'><strong>Ι,</strong></span> <span class='ocrx_word' id='word_1_248' title='bbox 1047 4013 1097 4077; x_wconf 83' lang='grc'><strong>89;</strong></span> <span class='ocrx_word' id='word_1_249' title='bbox 1115 4014 1187 4067; x_wconf 88' lang='lat' dir='ltr'><strong>Fest.</strong></span> <span class='ocrx_word' id='word_1_250' title='bbox 1205 4035 1230 4066; x_wconf 81' lang='lat' dir='ltr'><strong>v.</strong></span> <span class='ocrx_word' id='word_1_251' title='bbox 1241 4014 1327 4068; x_wconf 87' lang='lat' dir='ltr'><strong>Salios</strong></span> <span class='ocrx_word' id='word_1_252' title='bbox 1342 4036 1367 4086; x_wconf 87' lang='lat' dir='ltr'><strong>p.</strong></span> <span class='ocrx_word' id='word_1_253' title='bbox 1377 4016 1436 4070; x_wconf 76' lang='lat'><strong>329.</strong></span> 
     </span>
     <span class='ocr_line' id='line_1_35' title="bbox 486 4101 1437 4179; baseline -0.002 -19"><span class='ocrx_word' id='word_1_254' title='bbox 486 4105 580 4179; x_wconf 92' lang='lat' dir='ltr'><strong>quibus</strong></span> <span class='ocrx_word' id='word_1_255' title='bbox 597 4123 647 4176; x_wconf 88' lang='lat' dir='ltr'><strong>per</strong></span> <span class='ocrx_word' id='word_1_256' title='bbox 664 4123 755 4156; x_wconf 86' lang='lat' dir='ltr'><strong>omnes</strong></span> <span class='ocrx_word' id='word_1_257' title='bbox 774 4101 829 4157; x_wconf 87' lang='lat' dir='ltr'><strong>dies</strong></span> <span class='ocrx_word' id='word_1_258' title='bbox 853 4103 1002 4174; x_wconf 90' lang='lat' dir='ltr'><strong>ubicunque</strong></span> <span class='ocrx_word' id='word_1_259' title='bbox 1024 4115 1149 4167; x_wconf 81' lang='lat' dir='ltr'><strong>manent,</strong></span> <span class='ocrx_word' id='word_1_260' title='bbox 1175 4102 1236 4175; x_wconf 86' lang='lat' dir='ltr'><strong>quia</strong></span> <span class='ocrx_word' id='word_1_261' title='bbox 1261 4103 1363 4176; x_wconf 87' lang='lat' dir='ltr'><strong>amplae</strong></span> <span class='ocrx_word' id='word_1_262' title='bbox 1389 4124 1437 4176; x_wconf 91' lang='lat' dir='ltr'><strong>po-</strong></span> 
     </span>
     <span class='ocr_line' id='line_1_36' title="bbox 484 4203 751 4250; baseline -0.019 0"><span class='ocrx_word' id='word_1_263' title='bbox 484 4207 585 4250; x_wconf 87' lang='lat' dir='ltr'><strong>nuntur</strong></span> <span class='ocrx_word' id='word_1_264' title='bbox 602 4212 682 4248; x_wconf 85' lang='lat' dir='ltr'><strong>cenae</strong></span> <span class='ocrx_word' id='word_1_265' title='bbox 717 4203 751 4247; x_wconf 86' lang='lat' dir='ltr'><strong>ct.</strong></span> 
     </span>
    </p>

    <p class='ocr_par' dir='ltr' id='par_1_9' title="bbox 414 4277 1438 4361">
     <span class='ocr_line' id='line_1_37' title="bbox 414 4277 1438 4361; baseline 0.002 -23"><span class='ocrx_word' id='word_1_266' title='bbox 414 4283 451 4357; x_wconf 57' lang='lat'><strong>2⁴)</strong></span> <span class='ocrx_word' id='word_1_267' title='bbox 486 4283 584 4355; x_wconf 78' lang='lat' dir='ltr'><strong>Polyb.</strong></span> <span class='ocrx_word' id='word_1_268' title='bbox 602 4283 729 4355; x_wconf 85' lang='lat' dir='ltr'><strong>Excerpt.</strong></span> <span class='ocrx_word' id='word_1_269' title='bbox 747 4281 825 4352; x_wconf 82' lang='lat' dir='ltr'><strong>legat.</strong></span> <span class='ocrx_word' id='word_1_270' title='bbox 843 4300 899 4354; x_wconf 89' lang='lat' dir='ltr'><strong>cap.</strong></span> <span class='ocrx_word' id='word_1_271' title='bbox 917 4281 960 4335; x_wconf 76' lang='lat'><strong>23·</strong></span> <span class='ocrx_word' id='word_1_272' title='bbox 997 4279 1209 4361; x_wconf 61' lang='lat' dir='ltr'><strong>Tgiessrbipugor</strong></span> <span class='ocrx_word' id='word_1_273' title='bbox 1227 4283 1263 4356; x_wconf 70' lang='grc' dir='ltr'><strong>μὴ</strong></span> <span class='ocrx_word' id='word_1_274' title='bbox 1281 4277 1438 4356; x_wconf 63' lang='lat' dir='ltr'><strong>praeficiam</strong></span> 
     </span>
    </p>
   </div>
   <div class='ocr_carea' id='block_1_9' title="bbox 0 0 1710 5042">
    <p class='ocr_par' dir='ltr' id='par_1_10' title="bbox 0 0 1710 5042">
     <span class='ocr_line' id='line_1_38' title="bbox 0 0 1710 5042; baseline 0 0"><span class='ocrx_word' id='word_1_275' title='bbox 0 0 1710 5042; x_wconf 95' lang='lat' dir='ltr'><strong> </strong></span> 
     </span>
    </p>
   </div>
  </div>
 </body>
</html>
