3400 5042
950 496 999 569 16

534 672 600 741 lllis
621 674 718 762 igitur
739 673 866 738 omissis
889 696 925 739 ea
943 675 1175 740 tantummodo
1192 698 1253 762 pro
1265 676 1400 741 consilio
1411 674 1508 758 hujus

451 778 634 867 scriptionis
665 777 830 842 mactanda
864 779 1034 843 arbitratus
1055 802 1144 858 sum,
1177 802 1259 866 quae
1291 779 1332 844 ad
1364 764 1506 844 carmina

450 885 517 972 ipsa
540 893 627 947 recte
649 879 856 968 intelligenda
878 880 1013 946 idoneas
1035 906 1127 947 ansas
1154 883 1313 970 praebere
1343 906 1438 969 posse
1461 882 1506 944 vi-

451 986 605 1051 derentur
627 988 663 1066 ¹).
718 981 781 1047 Cui
803 983 1039 1072 interpretandi
1060 985 1191 1050 muneri
1213 997 1249 1049 ut
1269 983 1414 1063 satisfiat,
1446 985 1505 1048 tria

449 1089 656 1176 potissimum
699 1087 984 1153 commentationis
1016 1090 1120 1175 capita
1163 1090 1195 1152 in
1236 1088 1505 1175 disceptationem

449 1203 544 1257 erunt
563 1184 728 1256 vocanda:

489 1294 527 1381 a)
569 1293 717 1358 Primum
751 1290 891 1378 origines
924 1293 1087 1359 Saliorum
1125 1293 1242 1372 cultus,
1284 1306 1315 1358 et
1354 1306 1504 1381 tempora

571 1395 687 1484 quibus
709 1395 818 1483 peragi
847 1396 1004 1461 solemnia
1031 1396 1188 1462 solebant.

489 1501 525 1585 b)
569 1497 700 1564 Deinde
722 1497 856 1561 numina
879 1499 1085 1564 sacerdotum
1107 1500 1253 1565 versibus
1274 1502 1430 1564 invocata.

494 1603 527 1688 c)
571 1602 742 1667 Postremo
780 1601 929 1686 ipsorum
961 1602 1143 1667 carminum
1180 1603 1349 1690 reliquiae,
1391 1624 1504 1689 genus,

570 1727 744 1769 connexus.

530 1811 636 1895 Atque
667 1807 701 1870 in
724 1805 823 1870 altera
849 1805 903 1870 illa
930 1820 1020 1894 parte
1048 1807 1089 1872 de
1117 1807 1230 1871 Martis
1252 1818 1364 1872 natura
1387 1806 1501 1894 paullo

445 1910 572 2000 plenius
593 1908 755 1996 agendum
777 1907 920 1987 videtur,
942 1910 1030 1997 quod
1054 1922 1085 1973 et
1107 1910 1274 1974 Arvalium
1292 1922 1324 1974 et
1335 1910 1499 1975 Saliorum

447 2012 749 2101 comprecationum
771 2010 868 2089 ratio,
889 2012 949 2075 nisi
971 2011 1023 2076 illa
1045 2012 1150 2100 probe
1172 2013 1314 2100 cognita,
1336 2011 1501 2094 dijudicari

445 2117 581 2181 omnino
603 2138 670 2180 non
691 2124 808 2201 potest.

486 2220 522 2304 a)
547 2219 760 2304 Quamquam
771 2215 989 2302 diligentiores
1002 2216 1069 2281 fere
1082 2219 1310 2282 Romanorum
1326 2219 1501 2306 scriptores

444 2345 512 2386 non
535 2321 567 2385 in
590 2320 658 2408 ipsa
681 2315 762 2382 urbe
785 2330 894 2382 ortum
924 2341 992 2382 esse
1015 2319 1177 2384 Saliorum
1200 2321 1322 2384 cultum
1344 2319 1500 2408 proliten-

443 2438 510 2502 tur,
542 2436 652 2487 t-amen
684 2421 770 2485 unde
798 2422 993 2508 repetendus
1019 2425 1058 2486 sit
1085 2445 1145 2508 pro
1168 2435 1256 2487 certo
1280 2447 1346 2487 non
1368 2422 1500 2501 babent,

444 2549 547 2614 quum
568 2524 716 2614 plerique
738 2524 984 2589 similitudinem
1006 2525 1174 2612 quandam
1196 2527 1351 2606 ejuscum
1363 2526 1499 2591 Graecis

445 2628 660 2705 Cabirorum,
693 2625 868 2705 Curetum,
900 2626 1128 2714 Corybantum
1158 2628 1369 2714 religionibus
1396 2614 1496 2693 secuti

444 2744 500 2796 aut
525 2754 543 2794 a
566 2728 779 2795 Samothrace
801 2729 918 2808 insula,
950 2742 1005 2793 aut
1032 2731 1073 2794 ab
1096 2730 1233 2795 Arcadia
1259 2755 1334 2795 cum
1357 2732 1496 2817 Pelasgis

443 2835 477 2898 in
500 2832 624 2897 ltaliam
646 2831 801 2918 migrasse
823 2844 977 2896 censeant
997 2831 1037 2914 ²).
1080 2833 1131 2896 Ne
1154 2832 1194 2896 de
1216 2835 1349 2897 numine
1362 2833 1495 2920 quidem

441 2937 491 3000 cui
517 2935 724 3023 potissimum
754 2935 933 2999 consecrati
966 2934 1089 2999 fuerint
1119 2933 1152 2998 bi
1185 2936 1382 3014 sacerdotes,
1414 2938 1498 3000 inter

483 3117 507 3188 ¹)
545 3118 649 3174 Omitto
668 3119 747 3190 igitur
765 3141 831 3193 quae
850 3120 883 3174 de
901 3122 997 3176 vestitu
1015 3122 1156 3192 Saliorum,
1167 3123 1201 3178 de
1218 3124 1303 3177 forma
1320 3123 1431 3195 apicum,
1448 3142 1495 3176 an-

541 3207 670 3276 ciliorum,
689 3228 849 3263 coronarum
868 3209 1010 3282 disputavit
1020 3211 1224 3266 Gutberletbius
1238 3211 1308 3266 libro
1318 3231 1365 3265 suo
1375 3211 1408 3264 de
1417 3209 1495 3264 Saliis

542 3298 637 3352 Martis
655 3295 836 3352 sacerdotibus
856 3297 957 3369 Opnsc.
975 3300 1008 3353 T.
1027 3299 1075 3353 lV.
1095 3300 1158 3373 Cap.
1177 3302 1211 3354 X.
1229 3315 1256 3355 et
1274 3301 1320 3354 xl.
1338 3321 1365 3372 p.
1383 3299 1494 3374 47-64,

541 3385 574 3438 de
591 3383 770 3440 mansionibus
789 3407 882 3441 eorum
900 3408 926 3461 p.
944 3387 991 3453 36,
1008 3409 1035 3462 p.
1052 3387 1184 3453 95-96,
1213 3390 1246 3444 de
1270 3389 1342 3445 curia
1360 3387 1495 3443 Saliorum

538 3493 564 3546 p.
583 3474 641 3537 1⁰⁰,
659 3473 711 3528 alia
727 3475 865 3544 ejusmodi.
902 3478 1007 3533 Partem
1028 3478 1158 3550 quandam
1176 3477 1253 3548 bujua
1272 3478 1306 3532 de
1324 3477 1403 3531 Saliis
1421 3496 1494 3532 com-

539 3561 708 3617 mentationis
733 3563 785 3633 jam
811 3577 892 3620 antea
918 3565 1118 3639 imprimendam
1144 3568 1234 3622 curari
1268 3566 1377 3622 Dissert.
1404 3565 1491 3636 inaug.

538 3651 581 3704 De
599 3650 731 3706 Saliorum
748 3651 916 3708 carminibus.
950 3654 1073 3710 Berolini
1091 3655 1165 3710 1844.
1210 3656 1312 3711 Temen
1336 3676 1392 3711 non
1409 3675 1493 3727 panca

537 3759 609 3793 nune
626 3739 782 3812 corrigenda
798 3740 883 3796 statui.

477 3824 503 3897 ²)
539 3828 647 3883 Servius
670 3826 796 3900 adVirg.
816 3829 1201 3887 Aen.V111.v.285.relert
1228 3853 1262 3886 ex
1277 3831 1335 3886 aliis
1361 3832 1447 3888 Salios
1475 3855 1491 3886 a

535 3916 665 3972 Dardano
675 3913 820 3981 institutos,
839 3931 868 3972 ut
877 3918 1139 3975 Samothracensibus
1158 3919 1207 3974 diis
1218 3941 1292 3976 sacra
1301 3921 1489 3976 ministrarent.

534 4005 607 4060 Fert.
626 4026 650 4058 v.
671 4003 757 4058 Salios
774 4026 799 4078 p.
817 4005 876 4059 229.
896 4007 936 4060 ed.
954 4008 1052 4063 Men:
1079 4008 1212 4065 Polemon
1231 4010 1268 4063 ait
1284 4009 1388 4064 Arcada
1406 4030 1489 4081 queu-

535 4094 594 4148 dam
612 4094 691 4147 suisse
709 4093 819 4149 nomine
837 4094 950 4159 Salium,
978 4117 1056 4167 quem
1075 4097 1177 4151 Aeneas
1199 4119 1214 4151 a
1232 4097 1373 4152 Mantinea
1391 4098 1420 4151 in
1437 4099 1489 4153 lta·

533 4180 594 4236 liam
612 4180 783 4237 transtulerit.
829 4181 963 4237 Critolaus
981 4184 1098 4240 Saonem
1124 4185 1274 4258 appellavit.
1301 4186 1487 4241 captusne.

534 4267 613 4323 Num.
632 4290 654 4324 e.
673 4270 714 4324 13.
