3400 5042
861 532 936 605 102

843 814 955 888 ΧΙΧ.

662 980 721 1064 ltu
748 980 892 1067 llllllSll
919 982 1154 1067 stitutio.

1009 1153 1061 1200 nus
1074 1151 1173 1197 altum
1186 1158 1261 1198 nm,

460 1580 508 1643 lle
532 1597 670 1640 numero
683 1575 845 1652 Saturnio,
868 1599 934 1664 quo
952 1576 1108 1666 pleraque
1120 1579 1349 1643 Rornanorum
1368 1601 1440 1643 car-

374 1684 463 1748 mina
485 1678 666 1764 composita
690 1676 785 1740 luisse
808 1676 958 1757 vidimus,
980 1680 1097 1746 Atilius
1120 1680 1370 1745 Fortunatianus
1391 1681 1440 1743 sic

374 1783 519 1871 loquitur
532 1786 575 1856 ¹):
614 1778 741 1842 »Habet
763 1791 872 1842 autem
895 1779 998 1866 prima
1021 1793 1112 1868 parte
1132 1781 1310 1862 jambicurn
1332 1780 1439 1845 dime-

374 1898 451 1950 tron
473 1880 689 1955 catalecticum
711 1879 904 1944 insecundo
923 1881 1111 1946 trochaicon
1130 1880 1438 1971 brachycatalecton

376 1984 466 2075 quod
487 1979 736 2070 ithyphallicum
763 1980 941 2065 diximus3«
974 2006 1036 2070 pro
1064 2006 1127 2071 qua
1155 1986 1312 2048 sententia
1337 1984 1438 2047 etiam

377 2088 483 2153 Plotio
504 2084 642 2172 probata
655 2088 680 2161 ²)
703 2081 917 2147 Terentianus
939 2083 1075 2148 Maurus
1098 2107 1243 2149 versum:

518 2183 674 2250 »Dabunt
694 2182 817 2247 malum
840 2183 964 2248 Metelli
987 2185 1112 2251 Naevio
1134 2198 1270 2274 poetae«

376 2292 418 2357 its
435 2288 584 2376 explieat:
606 2284 759 2350 »Dabunt
780 2284 905 2349 malurn
920 2286 1055 2365 Metelli,
1076 2287 1190 2352 clauda
1202 2311 1277 2374 pars
1289 2286 1439 2351 dimetri‘

608 2387 718 2452 »Postr
742 2386 866 2451 Naevio
889 2399 1016 2473 poetae,
1038 2399 1102 2453 tres
1125 2389 1215 2453 vides
1236 2387 1438 2453 trochaeos.u

459 2489 588 2576 Quibus
604 2487 824 2576 grammaticis
841 2489 1019 2554 assentiens
1037 2490 1246 2555 tlermannus
1258 2490 1299 2554 ita
1311 2488 1438 2577 scripsit

376 2595 517 2682 speciem
540 2613 650 2655 versus
662 2596 701 2669 4>ι

716 2712 888 2766 νέω-μέν
910 2708 1029 2809 'lo-u
1048 2715 1088 2770 Lu

459 2840 584 2906 Contra
607 2840 665 2904 viri
692 2842 780 2907 docti
807 2841 1006 2906 recentiores
1032 2855 1138 2907 totum
1166 2832 1342 2906 numerum
1368 2850 1438 2903 tro·

377 2945 521 3010 chalcum
545 2965 613 3006 esse
635 2940 750 3006 volunt
771 2942 899 3007 duobus
928 2945 1073 3008 versibus
1102 2941 1319 3031 ithyphallieis
1345 2963 1437 3005 eom·

376 3047 534 3134 positum,
577 3033 718 3131 quornm
740 3044 841 3131 priori
868 3068 947 3108 mox
974 3045 1082 3109 addita
1109 3047 1164 3123 sit,
1190 3067 1269 3108 mox
1297 3043 1438 3108 desuerit

377 3147 555 3222 anacrusis,
582 3167 645 3232 qua
668 3147 700 3208 in
728 3145 899 3210 iambicam
928 3147 1097 3212 inclinaret
1118 3147 1269 3235 speeiem.
1314 3146 1351 3209 ln
1374 3143 1437 3208 hac

376 3249 473 3335 igitur
494 3247 675 3312 diversitate
697 3258 732 3310 ut
754 3247 968 3324 discernatur,
1000 3261 1069 3313 utra
1093 3249 1195 3333 magis
1222 3258 1436 3312 consentanea

375 3350 522 3414 videatur
542 3348 708 3425 sententia,
730 3348 769 3412 ad
782 3345 927 3438 rhythmi
949 3362 1096 3414 naturam
1109 3353 1333 3437 originemque
1345 3359 1438 3412 vetu-

377 3453 591 3516 stissimorum
615 3451 795 3514 carminum
818 3462 1002 3537 spectemus
1025 3475 1155 3516 necesse
1178 3453 1246 3515 erit.
1279 3452 1340 3514 llic
1358 3473 1438 3513 vero

377 3551 467 3640 quod
489 3551 626 3633 conjecit
650 3553 858 3616 Hermannus
880 3576 918 3616 ex
941 3554 1069 3619 Etruria
1091 3575 1223 3617 versum
1245 3551 1436 3618 Saturnium

435 3849 459 3921 ¹)
479 3852 541 3907 Atil.
564 3852 703 3910 Fortunat.
726 3874 768 3927 ap.
792 3854 882 3910 Putslr.
907 3875 932 3928 p.
950 3855 1026 3910 2698.
1062 3855 1147 3909 Flavii
1169 3853 1300 3929 Sosipatri
1324 3852 1440 3909 Charisii

478 3939 512 3994 de
529 3960 607 3997 versu
624 3943 753 3998 Saturnio
772 3943 1004 3998 commentariolus
1021 3963 1054 3997 ex
1066 3942 1159 3998 coelice
1171 3942 1351 4015 Neapolitano
1366 3960 1440 3995 nunc

478 4028 591 4101 primurn
618 4029 704 4084 editus
731 4029 914 4102 (Goettinpae
942 4029 1035 4099 1841.)
1057 4029 1092 4084 sd
1118 4048 1257 4084 numerum
1283 4026 1441 4084 Saturnium

477 4115 670 4172 enucleandum
687 4116 731 4171 rel
750 4115 850 4172 minimi
869 4137 926 4172 esse
943 4115 1072 4173 momenti
1089 4116 1201 4172 ridetur.

431 4199 458 4269 ²)
476 4201 589 4258 Plotius.
607 4203 703 4261 Putclr.
720 4225 745 4277 p.
763 4203 839 4259 2650.

430 4288 456 4359 ³)
474 4289 653 4348 Terentianus
671 4293 782 4348 Maurus
800 4308 827 4365 p.
843 4291 920 4347 2439.

430 4376 456 4446 ⁴)
473 4375 568 4433 Herm.
586 4377 672 4436 Elem.
689 4378 785 4437 Docta.
803 4375 886 4435 Matr.
902 4395 928 4452 p.
946 4376 1006 4434 tll.
