3400 5042
808 512 884 587 101*

316 691 440 768 Petilia,
462 690 627 768 Lemuria,
649 689 738 779 Asyli
761 690 827 774 dies
851 689 937 766 sesti,
959 689 1139 774 Quirinalia
1161 689 1247 775 apud
1269 713 1375 776 popu·

315 793 383 856 lum
406 791 595 857 Romanum
617 803 827 869 renovarent,
858 791 979 856 horum
1007 791 1204 860 solemnium
1231 793 1373 858 carmina

316 906 347 958 et
368 895 581 984 antiquissimi
604 907 636 958 et
656 893 821 959 certissimi
844 906 936 968 erant
956 887 1079 972 fontes,
1100 894 1187 960 unde
1208 895 1374 963 annalium

316 997 493 1085 scriptores
510 997 636 1079 ¹fabulas
659 997 788 1062 haurire
809 1009 970 1085 poterant.

331 1120 335 1127 “
359 1178 360 1182 ¹
400 1099 529 1187 Quodsi
551 1100 728 1189 Dionysius
750 1100 791 1164 de
814 1097 993 1174 Coriolano
1015 1111 1144 1162 narrat:
1166 1078 1210 1156 od
1228 1096 1376 1179 γέγονεν

316 1208 472 1300 ἐξίτηλος
495 1205 516 1302 ἡ
544 1212 606 1279 τοῦ
630 1203 756 1304 ἀνδρὸς
774 1211 915 1300 μνήμη,
942 1203 1025 1276 ἀλλ’
1040 1203 1162 1301 ᾄδεται
1176 1207 1238 1279 καὶ
1248 1204 1374 1300 riperti-

315 1353 372 1400 ται
404 1326 493 1428 πρὸς
523 1323 695 1401 ἀπάντων
726 1327 775 1408 ὥς
804 1321 950 1421 εὐσεβὴς
982 1331 1044 1400 καὶ
1078 1327 1213 1408 δίκαιος
1241 1322 1367 1429 sivein«

315 1447 406 1524 (Ant.
430 1447 631 1524 Romvlll,
645 1454 698 1524 62)
721 1447 817 1524 etiam
841 1445 893 1508 hic
915 1444 1005 1509 locus
1027 1446 1068 1510 de
1089 1446 1186 1510 sacris
1207 1447 1373 1533 cantilenis

316 1539 540 1634 intelligendus
563 1561 619 1612 est.
654 1550 738 1613 Nam
757 1572 864 1636 ‚quum
886 1548 1047 1635 templum
1070 1549 1236 1614 Fortunae
1257 1550 1373 1614 Mulie·

316 1650 365 1714 bri
389 1652 515 1716 Romae
537 1652 748 1729 dedicaretur,
771 1651 860 1740 quod
879 1663 1129 1716 monumentum
1144 1664 1229 1716 esset
1238 1653 1372 1740 periculi

315 1779 332 1818 a
361 1750 542 1822 Coriolano
575 1755 645 1820 urbi
685 1755 905 1831 imminentis,
947 1754 1121 1819 mulierum
1158 1749 1309 1842 precibus
1340 1768 1373 1822 et

314 1857 465 1946 lacrymis
487 1857 629 1944 depulsi,
660 1857 728 1923 lieri
751 1882 817 1922 non
839 1869 982 1944 poterat,
1000 1859 1093 1946 ‚quin
1119 1861 1216 1927 sacris
1237 1859 1269 1922 in
1298 1883 1371 1924 can-

314 1961 418 2026 tilenis
440 1961 480 2025 ad
502 1959 597 2042 hujus
620 1960 699 2024 deae
721 1960 843 2025 cultum
866 1960 1103 2048 pertinentibus
1125 1956 1372 2050 etiam'pudoris

314 2063 506 2152 pietatisque
540 2060 708 2129 Coriolani
742 2063 915 2151 quotannis
947 2063 1070 2128 mentio
1102 2063 1203 2128 lieret.
1258 2068 1371 2156 ltaque

315 2168 534 2231 narrationem
557 2166 597 2231 de
620 2165 683 2231 lroc
704 2165 829 2254 templo
859 2165 1007 2252 dedicato
1036 2167 1103 2254 ipse
1132 2167 1309 2257 Dionysius
1336 2171 1370 2236 in

314 2269 410 2334 sacris
432 2268 637 2350 sacerdotum
660 2269 754 2333 libris<
767 2269 979 2357 perscriptam
1001 2269 1133 2336 invenit.
1164 2266 1166 2270 ¹

385 2373 526 2447 Etenim
548 2373 684 2436 omnino
707 2395 808 2459 quum
830 2371 868 2436 iis
893 2372 1109 2460 temporibus,
1141 2397 1223 2462 quae
1250 2377 1370 2440 summi

314 2477 441 2540 suntin
463 2475 595 2540 historia
620 2476 768 2553 Romana
791 2475 961 2552 momenti,
981 2475 1103 2562 templa
1121 2478 1370 2558 voverinovae-

314 2602 377 2667 que
399 2578 570 2669 religiones
591 2576 710 2665 institui
733 2577 875 2642 solerent
896 2579 930 2641 in
952 2579 1146 2642 memoriam
1162 2604 1272 2644 rerum
1285 2583 1369 2647 bene

313 2693 492 2767 gestarum,
524 2681 592 2744 lieri
615 2705 683 2744 non
706 2675 826 2770 potuit,
860 2679 937 2768 quin
958 2672 1055 2745 sacris
1077 2681 1109 2746 in
1136 2684 1302 2749 cantilenis
1328 2686 1368 2750 ad

314 2784 382 2848 illas
404 2783 575 2875 religiones
598 2783 833 2871 pertinentibus
851 2784 947 2847 etiam
964 2808 1073 2848 rerum
1093 2785 1220 2850 illarum
1237 2813 1274 2852 ac
1287 2790 1369 2853 viro-

314 2911 387 2951 rum
410 2912 427 2950 a
450 2887 567 2974 quibus
589 2899 696 2974 gestae
719 2899 835 2963 essent,
858 2887 981 2951 mentio
1004 2888 1104 2953 fieret.
1136 2889 1190 2954 Sic
1212 2891 1367 2979 quoniam

314 2991 464 3056 Horatius
486 2989 538 3054 ille
550 2991 691 3054 Romani
713 2989 840 3078 imperii
862 3002 1008 3071 servator
1028 2991 1068 3055 ad
1090 2994 1224 3058 caedem
1246 2997 1368 3066 sororis

314 3094 507 3182 expiandam
527 3093 654 3158 Junoni
677 3079 828 3163 Sororiae
851 3106 883 3177 et
902 3095 989 3158 lano
1006 3079 1163 3160 'Curiatio
1191 3122 1261 3162 aras
1289 3125 1367 3168 con-

313 3221 452 3262 secrasse
475 3196 655 3273 dicebatur,
687 3196 720 3260 in
743 3196 830 3280 cultu
859 3198 1029 3262 numinum
1057 3201 1241 3288 peragendo
1270 3204 1367 3268 etiam

313 3299 430 3364 nobilis
451 3298 709 3386 tergeminorum
731 3299 869 3363 fratrum
890 3324 1018 3388 pugnae
1038 3315 1069 3366 et
1080 3303 1231 3368 facinoris
1243 3307 1367 3371 Horatii

312 3401 442 3467 victoris
463 3403 658 3467 memoriam
680 3403 997 3490 comprecationibus
1023 3407 1195 3492 quotannis
1216 3410 1367 3474 renovari

312 3531 441 3572 necesse
462 3518 532 3589 erat
553 3529 592 3570 eo
616 3505 667 3570 die
690 3529 756 3594 quo
782 3506 855 3572 illae
877 3521 1083 3574 consecratae
1105 3517 1251 3590 essent⁶).
1296 3497 1367 3579 l‘ari

313 3609 413 3674 modo
432 3609 523 3674 Servi
536 3609 633 3673 Tullii
655 3610 814 3674 memoria
828 3610 910 3674 festo
922 3612 1088 3678 Fortunae
1099 3614 1256 3702 publicae,
1277 3619 1367 3698 cujus

313 3713 364 3776 ille
388 3712 509 3776 cultum
542 3713 769 3802 templumque
802 3715 1028 3794 constituisset,
1065 3717 1236 3813 inanimis
1262 3720 1367 3807 plebis

312 3827 450 3892 servata,
473 3825 505 3878 et
525 3815 629 3880 Latini
652 3816 793 3880 foederis
815 3843 831 3880 a
853 3819 966 3883 Servio
988 3820 1073 3898 initi,
1105 3821 1145 3886 ita
1168 3834 1204 3886 ut
1224 3823 1366 3888 Romani

311 3918 526 4006 principatum
548 3929 710 3996 tenerent,
737 3921 769 3982 in
791 3922 887 3985 sacris
910 3907 1033 3988 llianae
1054 3925 1236 3990 recordatio
1257 3950 1368 3993 mane-

312 4024 407 4100 bat').
440 4021 564 4085 Eadem
587 4022 712 4086 ratione
725 4023 854 4110 Refugii
871 4025 954 4090 festo
977 4026 1028 4090 die
1050 4028 1170 4114 gratiae
1187 4030 1246 4095 diis
1256 4033 1365 4119 patriis

311 4143 514 4156 ...μ-...ο-

365 4211 391 4283 ⁸)
409 4214 481 4270 Fest.
498 4236 523 4266 v.
541 4214 671 4271 sororium
687 4216 799 4289 tigillum
816 4239 841 4291 p.
859 4217 918 4272 297.

369 4298 395 4369 ²)
415 4301 496 4358 ovid.
515 4304 586 4358 Fast.
606 4304 653 4368 lll,
672 4304 723 4360 793
740 4307 773 4361 cf.
790 4304 847 4360 Liv.
866 4307 886 4371 l,
903 4307 945 4363 a&
