3400 5042
434 706 631 773 Corculodorl
648 727 699 770 eso
723 748 730 766 .
751 706 851 769 omlua
872 726 940 768 cero
962 707 1111 790 adpalula
1130 707 1274 770 coemusc

434 811 636 873 Jancusiancr
657 808 773 870 duouus
794 829 915 870 ceruses
937 852 944 868 .
966 808 1063 872 durrus
1085 811 1170 872 loures

436 935 474 974 ue
493 923 545 975 uel
562 897 633 993 poni
653 911 757 972 melros
779 933 844 972 cum
866 933 978 972 recum·
992 940 999 958 ·
1013 941 1020 957 ·
1033 933 1067 964 ·«

545 1008 625 1092 (Hic
645 1009 787 1098 spatium
808 1008 934 1074 dimidii
956 1019 989 1074 et
1009 1020 1150 1099 quatuor
1170 1000 1323 1077 vereuirm
1344 1034 1395 1076 re·

542 1109 656 1178 lictum
677 1111 711 1176 in
733 1110 926 1178 Florentino
947 1110 1143 1200 exemplari)

333 1213 565 1280 »wledesum
588 1259 596 1278 .
619 1212 771 1279 federum
794 1260 800 1278 .
823 1212 964 1302 piusime
988 1261 995 1279 .
1017 1212 1160 1300 plurima
1178 1262 1186 1280 .
1202 1213 1392 1282 meliorem.

333 1316 537 1386 meliorem.
564 1339 725 1382 asenam.
752 1338 886 1382 arenam
910 1364 917 1380 .
938 1315 1056 1397 janitos
1084 1315 1262 1395 ‚janitore
1315 1315 1391 1403 Quo

333 1420 408 1486 ioco
429 1441 509 1507 ques
529 1417 690 1483 hebernus
707 1416 859 1506 reliquias
881 1417 1020 1483 Saliares
1037 1416 1089 1482 vix
1105 1417 1216 1504 paucis
1227 1417 1391 1483 literarum

333 1521 537 1587 lineamentis
568 1519 746 1585 immutatis
774 1519 820 1584 sic
846 1519 996 1597 restituo,
1033 1530 1069 1583 ut
1094 1530 1127 1584 et
1151 1520 1224 1601 justi
1252 1520 1391 1586 saturnii

334 1623 530 1703 efficiantur,
568 1635 600 1688 et
625 1645 739 1688 sensus
770 1622 896 1707 integer
926 1644 1101 1708 sanusque,
1140 1633 1299 1709 quantum
1332 1645 1391 1709 ego

332 1726 442 1818 uidere
462 1750 614 1814 possum,
642 1725 763 1791 subsit:

416 1830 480 1895 No.
501 1836 530 1897 8.
649 1833 774 1894 Crizculo
795 1831 865 1891 dori
883 1834 998 1891 esw-
1020 1830 1125 1891 Omcira
1145 1834 1213 1891 oc‘ro

649 1912 701 1997 A‘d
717 1936 827 2016 patula
847 1938 991 1994 coemisse
1010 1933 1088 1994 Jlnl
1104 1936 1260 2004 cusicincs5

646 2039 771 2099 Duouuo
791 2058 927 2110 ccrrrscs,
948 2037 1046 2097 dumis
1066 2036 1165 2097 Jauus
1187 2041 1269 2098 cenet

645 2141 841 2210 Prlmmclios,·
862 2142 929 2200 crim
949 2142 1049 2200 recum
1055 2169 1207 2187 ········

415 2243 530 2327 ltaque
559 2237 649 2305 brevi
688 2236 960 2303 commentariolo
999 2237 1294 2304 demonstrandum
1333 2237 1395 2303 erit

332 2341 492 2429 primum,
525 2341 603 2428 quid
625 2340 805 2428 significent
826 2339 951 2426 singule
973 2341 1082 2407 verbe.

417 2447 448 2523 Ι)
476 2447 603 2510 Corculo
622 2492 629 2508 .
647 2442 828 2509 Florentini
844 2442 1058 2530 scriptionem
1075 2466 1144 2509 non
1159 2443 1291 2521 mutavi,
1313 2466 1395 2531 quo·

331 2545 422 2612 niam
444 2545 557 2611 Velius
578 2533 712 2633 Longus
737 2545 839 2610 hebet
859 2568 892 2632 p.
914 2550 1011 2612 2217:
1042 2545 1143 2612 »Mihi
1175 2546 1303 2611 videtur
1333 2570 1395 2611 nec

331 2648 435 2715 aliena
457 2647 603 2715 sermoni
624 2647 781 2732 fuisse'(z
792 2647 898 2728 litera)
920 2670 996 2713 cum
1013 2647 1195 2713 inveniatur
1205 2650 1238 2714 in
1250 2648 1394 2714 carmine

332 2750 475 2817 Saliari«
504 2769 506 2774 ’
530 2751 590 2816 Est
615 2761 725 2815 eutem
753 2756 903 2816 corculum
934 2761 971 2814 ut
1002 2756 1152 2816 corculum
1179 2775 1236 2816 seu
1263 2757 1395 2817 cuculum

332 2839 402 2918 olle
418 2853 452 2917 in
474 2877 537 2942 qua
559 2865 631 2919 exte
648 2858 859 2942 coquebantur.
886 2853 973 2921 Fest.
985 2877 1014 2917 v.
1028 2853 1125 2920 Aulus
1137 2877 1171 2941 p.
1184 2859 1237 2919 23:
1260 2856 1394 2942 »ltaque

331 2961 482 3039 aulicocia
502 2967 587 3035 exta,
609 2956 747 3044 quaein
769 2963 838 3023 ollr's·
860 2961 1078 3042 coquebantur,
1099 2956 1265 3033 dicerene
1291 2956 1324 3020 id
1346 2969 1396 3022 est

332 3058 440 3142 elixas(
492 3059 562 3123 Hac
593 3083 672 3125 vero
700 3058 742 3124 de
768 3083 803 3125 re
835 3059 886 3146 egi
918 3059 952 3123 in
974 3059 1129 3137 carmine,
1162 3061 1396 3146 comprobatur

330 3159 563 3249 significatione
584 3161 675 3227 verbi
697 3173 816 3250 empta,
838 3173 871 3227 et
887 3173 961 3227 'toto
983 3185 1079 3227 versu
1100 3162 1204 3227 modo
1226 3163 1393 3250 explicato.

414 3269 448 3344 2>
474 3268 556 3330 Dori
577 3276 633 3330 aut
660 3265 795 3353 antiquo
822 3287 975 3330 sermone
1008 3289 1070 3352 pro
1105 3264 1174 3330 deri
1208 3265 1332 3330 dittum
1360 3277 1396 3330 ut

331 3371 422 3433 Furii
439 3390 501 3455 pro
522 3371 630 3445 Fabii,
662 3371 824 3434 Dolobella
845 3390 907 3455 pro
929 3372 1093 3434 Dolabella
1119 3368 1176 3448 (ci.
1203 3367 1394 3433 Schneider.

332 3470 447 3536 Gram.
469 3470 539 3535 Lat.
562 3472 587 3549 1,
607 3494 639 3558 p.
664 3475 736 3549 ro),
770 3493 873 3559 quum
894 3471 1086 3557 praesertim
1107 3470 1187 3535 alter
1218 3470 1393 3535 infinitivus

331 3579 474 3639 coemisse
495 3583 664 3660 sequatur,
695 3583 751 3636 aut
776 3572 910 3660 scriptio
938 3583 1091 3660 corrupta
1119 3572 1255 3638 videtur.
1299 3571 1396 3638 Cete-

330 3676 406 3742 rum
426 3675 599 3764 proprium
619 3673 743 3740 habere
764 3697 861 3739 suurn
881 3698 1013 3742 sensum
1033 3675 1068 3740 in
1096 3675 1194 3740 sacris
1220 3692 1296 3741 exta
1321 3681 1396 3742 dare

329 3786 447 3845 nolum
468 3789 525 3844 est.

381 3966 383 3971 Ι
412 3883 449 3962 3)
469 3883 532 3946 Eso
553 3902 616 3967 pro
638 3905 719 3945 crem
739 3883 827 3963 (eso)
855 3880 1033 3969 significare
1061 3879 1190 3945 videtur
1219 3881 1329 3946 cibum
1351 3882 1393 3947 ite

331 3995 367 4049 ut
386 3983 441 4048 hic
461 3983 502 4049 sil
522 3983 701 4049 verborum
729 4006 862 4055 sensus:
895 4010 977 4048 esum
997 3982 1045 4062 (h.
1068 4006 1095 4047 e.
1117 3982 1229 4048 cibum
1250 3989 1394 4064 sacrum)

330 4094 362 4153 ln
385 4093 536 4153 corculum
561 4091 650 4166 dare,
681 4086 715 4152 h.
736 4111 768 4152 e.
791 4086 973 4174 imponere.
1022 4085 1153 4151 Eodem
1182 4086 1271 4152 enim
1296 4110 1394 4152 sensu

331 4191 416 4256 inter
436 4191 649 4257 caerimonias
669 4189 855 4255 tabularum
876 4189 1125 4276 Eugubinerum
1147 4190 1274 4276 saepius
1295 4191 1395 4277 scrip-

332 4304 404 4361 tum
430 4293 577 4362 videtur:
609 4318 719 4377 csuuu,
750 4295 838 4376 unt,
869 4318 975 4374 esuuc,
1006 4304 1040 4358 et
1066 4292 1182 4359 eadem
1207 4293 1333 4359 ratione
1361 4292 1394 4356 in
