3400 5042
820 571 892 645 127

323 747 458 811 nomine
480 769 559 810 vero
582 744 860 810 Fescenninorum
885 768 988 834 quum
1009 746 1124 809 Festus
1145 745 1277 810 habeat:
1305 751 1386 811 „Fe-

322 856 457 913 scenm'm'
476 871 595 926 versus,
617 849 671 937 qui
695 849 895 912 canebantur
916 849 948 911 in
970 855 1090 932 nuptiis,
1112 872 1152 912 ex
1168 854 1240 912 urbe
1256 853 1386 914 Fescen-

323 958 374 1014 m'u
385 951 537 1014 dicuntur
548 950 642 1025 allati,
664 949 730 1012 sive
743 949 817 1012 ideo
830 950 914 1027 dicti,
936 951 1010 1036 quia
1021 954 1176 1031 fascinum
1187 955 1386 1037 putabantur

323 1075 467 1129 arcere,«
499 1053 645 1136 priorem
668 1051 970 1138 interpretationem
994 1053 1052 1115 viri
1080 1052 1166 1115 docti
1189 1054 1384 1140 plerumque

232 1202 234 1204 -
322 1154 592 1233 secuti·sunt¹¹).
650 1156 677 1216 A
706 1155 825 1239 quibus
859 1153 1093 1218 discedendum
1127 1153 1176 1216 bis
1205 1154 1390 1219 rationibus

322 1254 460 1320 videtur.

407 1357 520 1440 Quum
544 1353 679 1419 omnino
703 1359 763 1419 hoc
785 1356 957 1442 proprium
979 1350 1019 1420 sit
1034 1356 1173 1442 antiquis
1189 1356 1328 1444 populis,
1348 1369 1385 1421 ut

322 1480 377 1521 sua
399 1459 541 1521 instituta
564 1480 581 1521 a
604 1457 698 1520 certis
719 1480 850 1543 semper
871 1471 903 1521 et
930 1481 1148 1543 personarum
1175 1471 1208 1522 et
1232 1461 1383 1523 locorum

322 1561 510 1624 nominibus
531 1570 680 1646 repetere
702 1559 886 1636 studerent,
919 1559 1079 1641 ejusmodi
1102 1560 1319 1647 etymologiae
1341 1561 1383 1624 ab

248 1703 250 1707 <
321 1663 453 1726 urbium
476 1683 533 1724 seu
556 1661 728 1725 bominum
752 1661 941 1724 nominibus
967 1673 1087 1725 tractae
1114 1673 1206 1726 caute
1227 1662 1384 1726 adhiben-

322 1765 381 1828 dae
416 1775 508 1840 sunt,
550 1764 592 1826 ita
626 1775 662 1827 ut
692 1768 943 1827 Fescenninorum
974 1763 1136 1849 originem
1168 1787 1185 1826 a
1216 1767 1384 1828 Fescenm'a

322 1867 402 1929 urbe
425 1865 570 1928 derivare
593 1888 659 1928 non
682 1868 841 1945 majorem
865 1863 986 1928 habere
1007 1865 1108 1928 fidem
1134 1865 1251 1950 possit,
1283 1884 1381 1952 qnam

322 1972 573 2032 Caerimom'arum
602 1989 618 2029 a
651 1969 745 2030 Caere
777 1965 911 2052 oppido,
968 1965 1094 2029 Deinde
1127 1967 1216 2052 quod
1248 1968 1382 2030 tandem

320 2083 428 2158 potest
449 2069 629 2132 carminum
653 2091 754 2153 genus
777 2069 879 2152 magis
901 2091 970 2132 esse
999 2067 1177 2153 genuinum
1205 2069 1291 2155 apud
1317 2072 1383 2132 Ro·

320 2196 452 2248 manos,
485 2192 583 2258 quam
611 2169 643 2231 bi
673 2169 785 2232 ludicri
815 2193 926 2233 versus
953 2193 992 2233 ex
1019 2171 1130 2232 intima
1158 2170 1269 2232 indole
1295 2169 1383 2256 inge·

320 2276 452 2338 niorum
481 2296 518 2336 ac
544 2270 741 2334 solemnium
770 2273 946 2357 agrestium
968 2272 1262 2335 vetustissimorum
1286 2272 1382 2336 editi?

322 2373 452 2460 Quodsi
476 2374 515 2437 ab
539 2372 588 2435 his
611 2374 660 2436 vel
683 2373 845 2435 tantillum
869 2374 1013 2437 diversos
1041 2373 1137 2436 luisse
1160 2374 1381 2436 fescenninos

281 2519 286 2529 .
320 2475 537 2542 demonstrari
560 2486 679 2560 posset,
701 2474 856 2537 credibile
879 2475 1013 2539 sortasse
1036 2475 1208 2550 rideretur,
1230 2474 1382 2538 extrinse-

291 2571 293 2574 ’
320 2603 375 2643 cus
397 2601 454 2642 eos
476 2588 641 2662 susceptos
664 2600 745 2648 esse;
779 2589 810 2639 at
833 2577 994 2655 ejusmodi
1022 2577 1193 2640 discrimen
1220 2600 1295 2639 curn
1323 2575 1383 2640 mi·

320 2682 407 2745 nime
430 2690 591 2765 appareat.
613 2701 680 2739 non
704 2680 836 2746 subesse
859 2702 935 2742 sana
953 2678 1133 2763 excipiendi
1151 2678 1232 2742 ratio
1245 2678 1380 2742 videtur.

321 2781 502 2868 Quomodo
530 2777 599 2841 fieri
627 2794 793 2865 praeterea
820 2792 962 2866 poterat,
1000 2793 1035 2842 ut
1061 2803 1100 2842 ex
1126 2781 1285 2866 oppidulo
1311 2792 1380 2842 tam

321 2887 446 2971 exiguo,
468 2882 565 2960 cujus,
588 2882 644 2942 nisi
668 2878 709 2943 de
732 2883 877 2946 versibus
899 2895 1055 2968 ageretur,
1076 2882 1128 2945 vix
1142 2883 1243 2946 semel
1256 2881 1379 2945 mentio

321 3000 405 3052 esset
426 2987 517 3057 sacta,
539 3005 611 3045 mos
634 2994 700 3044 tam
723 2982 785 3047 late
808 3007 944 3047 manans
966 2984 1234 3070 proficisceretur.
1268 2985 1381 3068 Quem

320 3089 469 3153 crederes
502 3097 604 3160 certe,
636 3081 661 3145 si
695 3107 805 3148 revera
828 3086 1045 3150 Etruscorum
1077 3097 1162 3162 erat,
1205 3109 1223 3149 e
1254 3086 1380 3166 majore

279 3257 281 3261 ¹
322 3254 530 3268 ..α-ιι*-

479 3350 546 3405 Gom
565 3349 643 3405 sociis
662 3369 785 3422 operum,
803 3351 892 3422 pueris
910 3363 938 3405 et
955 3351 1068 3422 conjuge
1087 3350 1148 3416 fida,

477 3438 612 3493 Tellurem
631 3459 722 3511 porco,
741 3437 878 3492 Silvanum
897 3437 965 3493 lacte
983 3441 1101 3511 piabant,

477 3527 603 3583 Floribus
621 3539 649 3581 et
666 3527 728 3580 vino
748 3526 873 3588 Genium,
891 3546 1034 3580 memorem
1053 3527 1141 3581 brevis
1158 3526 1225 3595 aeri,

476 3616 647 3670 Fescennina
664 3636 714 3688 per
731 3614 802 3669 bunc
821 3615 931 3668 inventa
949 3614 1057 3668 licentia
1074 3635 1176 3670 morem

476 3703 602 3759 Versibus
619 3703 730 3758 alternis
749 3702 895 3775 opprobria
912 3705 1008 3757 rustica
1026 3702 1102 3758 sudis

419 3791 553 3846 immerito
571 3790 672 3847 Zellius
690 3792 787 3864 Script.
806 3791 869 3845 Fer.
888 3789 1101 3862 cattepani
1118 3790 1246 3865 nuptialia
1262 3790 1380 3846 carmina

420 3881 453 3933 ab
471 3879 512 3933 bis
530 3881 704 3935 Fescenninis
724 3880 848 3948 sejungit.
868 3879 902 3933 cf.
920 3877 986 3932 ibid.
1003 3899 1029 3951 p.
1047 3880 1107 3932 205.

364 3964 401 4036 ¹¹)
419 3967 599 4022 posteriorem
624 3967 874 4040 interpretationem
899 3987 953 4020 uno
977 3967 1060 4020 verbo
1082 3967 1191 4035 rejicere
1213 3965 1275 4020 satis
1297 3965 1380 4020 llsbet

420 4054 550 4109 Munkius
569 4056 603 4110 de
622 4055 674 4110 sab.
694 4055 774 4122 Atell.
813 4095 819 4108 .
839 4057 880 4109 13.
899 4067 956 4110 not„
975 4054 1017 4108 48.
1031 4067 1186 4124 argumento
1203 4052 1311 4108 minime
1327 4052 1379 4107 sul*-

419 4142 542 4210 ficiente;
567 4145 684 4215 priorem
701 4076 953 4216 probathumptius
973 4143 1001 4196 in
1026 4142 1185 4199 lectionibus
1209 4139 1379 4196 Acastentcis.

420 4231 545 4287 Klotaius
562 4229 643 4284 Jahn.
662 4231 761 4284 Annel.
779 4231 934 4293 XXXVIII,
952 4250 976 4304 p.
995 4230 1053 4284 119.
1072 4252 1111 4303 sq.
1129 4251 1217 4286 versus
1236 4228 1380 4285 Fescenni-

418 4339 469 4375 nos
484 4320 686 4391 interpretatur:
704 4337 797 4374 versus
811 4319 905 4377 lasciui
920 4319 1107 4375 renotationis
1115 4318 1264 4374 invidiosae
1271 4316 1378 4389 plenos.
