3400 5042
320 675 501 766 composita
524 697 602 756 esse,
624 675 741 742 eadem
762 677 888 742 ratione
909 676 1020 743 nescio
1037 699 1079 743 an
1090 681 1246 746 Matremne
1259 701 1385 748 nomen

320 778 449 844 duobus
471 778 580 843 verbis
601 782 826 845 Manis-Nerio
849 779 1069 866 compositum
1092 780 1146 857 sit,
1169 805 1271 870 quum
1291 804 1386 869 prae·

320 881 430 947 sertim
452 880 626 970 appellatio
655 882 863 964 comit-fortis
892 881 959 946 sive
987 885 1188 948 bona-virito
1215 885 1283 965 ejus
1310 907 1386 972 pro-

320 983 428 1071 priam
450 982 597 1050 indolem
620 1006 680 1049 acu
702 994 835 1072 tangere
857 984 1014 1051 videatur.
1059 984 1150 1070 Quas
1177 1009 1290 1050 revera
1317 1009 1385 1052 esse

320 1086 412 1151 verbi
433 1097 550 1174 partes,
573 1109 613 1150 eo
636 1097 721 1151 certe
742 1087 919 1176 probatur,
943 1085 1032 1174 quod
1055 1087 1141 1150 etin
1163 1088 1386 1153 monumentis

319 1188 463 1255 Etruscis
489 1192 628 1254 Minerva
654 1193 806 1255 Menecles
826 1189 860 1253 id
888 1200 936 1253 est
962 1192 1162 1253 Mania-dea
1182 1201 1326 1267 vocatur,
1353 1202 1385 1255 et

320 1291 361 1356 ab
394 1289 575 1378 Augustino
607 1294 702 1356 Mena
733 1290 896 1379 quaedam
930 1289 989 1354 dea
1021 1290 1115 1354 Jovis
1153 1290 1216 1356 lilia
1248 1292 1386 1357 traditur

322 1393 495 1458 menstruis
507 1391 714 1458 ·leminarum
736 1393 941 1481 temporibus
961 1414 1111 1479 praeesse
1127 1397 1175 1470 ⁷⁶).

404 1493 619 1563 Connubium
642 1519 720 1561 vero
742 1495 837 1575 hujus
860 1495 939 1559 deae
961 1518 979 1558 a
1001 1494 1107 1559 Marte
1129 1497 1251 1561 vernali
1274 1501 1386 1586 quaeri

323 1598 460 1677 videtur,
482 1596 581 1685 quod,
603 1597 659 1661 ubi
672 1620 759 1661 anno
770 1596 929 1661 redeunte
950 1607 1036 1660 terra
1054 1596 1190 1675 virescit,
1212 1600 1386 1666 industriae

322 1700 543 1789 operibusque
580 1699 796 1784 agricolarum
832 1721 986 1786 praesens
1023 1698 1141 1764 vellera
1179 1701 1386 1787 potissimum

324 1803 503 1868 detondere
525 1813 558 1866 et
585 1803 693 1866 lanam
722 1800 851 1889 pectere
878 1802 1049 1888 ahenaque
1077 1803 1201 1888 tingere
1224 1803 1385 1887 docet⁷⁸).

325 1904 381 1970 ob
414 1904 499 1969 hanc
531 1904 684 1969 virtutem
713 1905 881 1970 Minerviis
916 1904 1080 1969 Saliorum
1112 1905 1256 1971 versibus
1286 1907 1386 1972 deam

322 2009 513 2085 invocatam,
534 2007 634 2072 verba
657 2007 819 2095 quaedam
831 2006 964 2072 Saliaria
976 2006 1065 2071 haud
1087 2008 1225 2072 obscure
1245 2010 1386 2077 indicare

323 2110 476 2174 videntur
496 2121 550 2174 ut:
583 2114 711 2189 Pescia,
739 2117 836 2196 Apica
858 2116 938 2188 coss,
964 2114 1121 2174 Pennutas
1141 2116 1386 2200 impennatasque

321 2230 432 2294 agnas,
452 2216 676 2279 Promcnercar.

294 2368 297 2372 .
402 2314 538 2380 Accedit
558 2316 648 2403 quod
669 2314 754 2379 veris
775 2314 984 2401 potissimum
1004 2316 1220 2404 aequinoctio,
1242 2341 1308 2404 quo
1319 2341 1387 2383 ma-

320 2417 438 2482 nubiae
458 2417 654 2484 Minervales
674 2429 884 2504 tempestates
905 2441 1042 2484 movere
1068 2419 1186 2496 solent,
1218 2418 1388 2508 Quinqua-

320 2532 408 2585 trum
430 2520 498 2585 dies
520 2520 593 2585 festi
615 2519 769 2601 Faleriis,
801 2519 858 2582 ubi
880 2521 978 2585 etiam
1000 2521 1105 2586 Salios
1132 2520 1262 2586 saltasse
1288 2545 1386 2609 supra

322 2622 582 2688 demonstratum
605 2633 668 2700 est,
701 2630 733 2686 et
756 2623 885 2687 Romae
914 2645 990 2687 cum
1013 2623 1097 2687 tibiis
1124 2622 1277 2710 tubisque
1304 2625 1387 2688 cele-

321 2725 502 2790 brabantur
523 2730 573 2804 ⁸⁰).
625 2724 742 2812 Neque
774 2724 1020 2811 negligendum,
1060 2724 1150 2812 quod
1182 2725 1387 2791 divinationis

321 2827 374 2892 illa
397 2827 460 2907 lux,
482 2850 565 2916 quae
588 2827 758 2913 ingenium
782 2827 964 2892 humanum
982 2828 1024 2892 ad
1041 2829 1159 2892 artium
1172 2828 1387 2893 obscurarum

321 2930 463 3016 primam
484 2928 709 2994 inventionem
732 2931 899 3017 perducat,
920 2931 1088 2994 Minervae
1110 2930 1245 2994 nomine
1266 2943 1399 3014 notata,

322 3033 434 3097 Lunae
457 3054 515 3096 seu
535 3035 679 3096 Junonis
701 3033 772 3098 luce
794 3057 854 3120 per
875 3043 1076 3096 nocturnum
1088 3032 1252 3096 silentium
1265 3035 1387 3100 nitente

209 3193 211 3197 ,
321 3134 449 3200 incendi
484 3134 733 3223 quodammodo
767 3148 799 3199 et
831 3159 849 3200 a
881 3133 1044 3199 veteribus
1075 3135 1250 3221 putabatur
1264 3141 1319 3216 ⁸¹),
1355 3150 1389 3202 et

320 3237 441 3302 nostris
471 3261 603 3326 quoque
631 3239 835 3326 temporibus
868 3236 1088 3324 superstitiosa
1120 3239 1264 3324 quadam
1296 3265 1388 3306 vere·

321 3341 438 3405 cundia
461 3339 609 3404 creditur.

322 3447 536 3462 ananan—*2

423 3518 503 3570 quum
521 3496 637 3552 Palladis
654 3497 765 3567 virginis
785 3499 885 3571 species
904 3518 962 3552 cum
981 3497 1053 3552 cultu
1077 3499 1203 3571 antiquae
1227 3499 1387 3554 Sabinorum

424 3585 490 3640 deae
517 3584 620 3641 misceri
646 3587 786 3659 coepisset.
831 3587 926 3641 Muell.
944 3588 1003 3640 Etr.
1021 3585 1056 3651 ll,
1082 3587 1125 3639 50.
1143 3601 1245 3654 censet,
1268 3588 1386 3644 Palladis

424 3674 522 3728 cultum
540 3695 556 3728 a
573 3675 725 3745 Tyrrhenis
743 3674 862 3746 Pelasgis
881 3674 996 3745 eLydia
1014 3688 1041 3729 et
1059 3674 1138 3728 Caria
1156 3677 1310 3730 translatum
1328 3698 1388 3731 cum

425 3761 551 3818 Minerva
568 3763 732 3818 Rasenarum
750 3764 858 3818 mixtam
877 3776 905 3817 et
922 3764 1059 3818 confusam
1079 3782 1141 3818 esse.

367 3848 403 3916 ⁷¹)
423 3849 464 3904 Cf.
482 3871 543 3906 vasa
560 3873 602 3924 ap.
620 3854 737 3907 Demstr.
756 3852 862 3906 Monet.
880 3852 939 3905 Etr.
957 3873 983 3923 p.
1002 3851 1055 3914 Xl,
1079 3863 1106 3906 et
1125 3851 1233 3922 August.
1257 3851 1315 3903 Cir.
1333 3851 1387 3905 Dei

426 3938 529 4007 V11,3.
565 3940 678 4005 V11‚2.
714 3940 823 4007 1V,lt.

369 4024 405 4093 ⁷⁹)
425 4025 506 4080 Ovid.
525 4029 596 4082 Fast.
616 4029 664 4097 ΙΙΙ,
682 4029 733 4083 817
752 4049 789 4100 sp.

357 4112 394 4182 ⁸⁰)
430 4113 472 4169 Cf.
492 4114 527 4168 O.
546 4116 643 4171 Muell.
663 4118 766 4172 Etrusc.
787 4117 826 4179 ll,
844 4115 891 4179 49,
909 4116 952 4178 50.
969 4116 1003 4170 81
1023 4116 1093 4170 unde
1112 4116 1179 4170 lraec
1197 4127 1335 4187 apparent.

357 4200 393 4271 ⁸¹)
429 4204 492 4258 Hoc
510 4224 588 4259 sensu
607 4226 646 4277 ap.
666 4204 740 4275 Vir-g.
759 4204 858 4275 Georg.
870 4205 897 4266 l,
913 4203 966 4257 353
983 4203 1096 4278 legitur:
1116 4204 1175 4276 lpse
1194 4214 1269 4273 pater
1286 4203 1387 4265 statuit,

426 4291 490 4364 quid
507 4305 642 4350 menstrua
660 4292 724 4348 luna
740 4304 872 4350 moneret.
890 4293 924 4348 cl.
934 4291 1011 4350 Serv.
1021 4293 1057 4352 ‘ad
1067 4293 1141 4365 Virg.
1151 4291 1219 4347 Aeta.
1235 4292 1315 4358 XLv.
1325 4282 1385 4344 259.
