3400 5042
880 490 929 567 12

377 687 449 755 quc,
475 690 541 757 quo
567 669 702 743 nominc
730 670 915 757 complures
941 670 1038 737 fuisse
1064 682 1152 744 vates
1182 672 1354 747 verisimile
1376 685 1433 750 est,

374 781 519 841 servatae
552 784 635 839 aunt.
665 774 706 852 ¹²)
755 771 867 858 Quare
894 773 928 838 hi
961 796 1077 841 omnes
1109 773 1182 845 libri
1216 773 1327 849 fatales
1348 779 1434 851 'sunt

375 871 451 939 dicti
472 873 523 939 vel
550 873 623 942 libri
650 874 881 943 tantummodo
906 878 956 955 ¹³),
977 878 1066 957 cujus
1092 875 1318 964 geneciacum
1345 878 1432 965 apud

375 985 498 1040 ceteras
533 976 659 1052 mediae
692 977 801 1043 ltaliae
827 990 948 1064 gentes,
977 979 1020 1063 ¹⁴)
1054 990 1125 1042 tum
1157 978 1243 1065 apud
1276 979 1433 1052 Etruscos

375 1099 491 1165 magna
513 1091 582 1145 erat
602 1079 705 1168 copia.
749 1080 882 1153 Praeter
907 1079 970 1146 hos
997 1104 1076 1146 vero
1105 1081 1202 1150 etiarn
1225 1080 1257 1147 in
1279 1082 1432 1151 Etrusco-

374 1203 448 1246 rum
479 1181 689 1269 baruspicinis
718 1194 749 1246 et
779 1182 992 1269 fulguralibus
1024 1195 1058 1248 et
1088 1182 1317 1249 tonitrualibus
1349 1207 1431 1272 quos

375 1279 493 1348 Cicero
525 1283 654 1372 profert
685 1284 784 1363 libris,
817 1297 850 1351 et
877 1286 1036 1352 Romanis
1063 1285 1272 1372 auguralibus
1298 1285 1432 1375 aliisque

372 1382 561 1466 hujusmodi
581 1387 849 1475 superstitionum
870 1388 975 1474 plenis
995 1386 1119 1473 scriptis
1145 1386 1247 1452 multa
1277 1388 1346 1453 sine
1374 1389 1432 1459 du·

373 1487 427 1552 bio
457 1488 582 1554 inerant
608 1492 844 1570 conjectorum,
873 1490 1100 1577 interpretum,
1128 1488 1337 1578 haruspicum
1365 1515 1432 1556 res·

373 1614 486 1677 ponsa.

453 1696 506 1759 De
533 1694 658 1761 ratione
685 1695 945 1782 praedictionum
972 1694 1090 1759 harum
1113 1692 1244 1769 Cicero:
1277 1694 1430 1776 »Callide,

372 1797 490 1884 inquit,
515 1797 617 1875 enirn,
645 1797 699 1886 qui
727 1798 778 1874 illa
807 1799 999 1884 composuit,
1026 1799 1171 1884 perfecit,
1198 1809 1234 1861 nt
1261 1799 1430 1886 quodcun-

371 1925 435 1989 que
455 1900 637 1978 accidisset,
657 1900 860 1987 praedictum
887 1900 1064 1978 videretur,
1089 1899 1264 1966 hominum
1292 1913 1324 1973 et
1349 1914 1431 1967 tem-

370 2027 490 2090 porum
533 2003 719 2071 delinitione
756 2003 890 2080 sufflata.
945 2002 1102 2067 Adhibuit
1139 2005 1236 2076 etiam
1269 2003 1429 2075 latebram

372 2105 582 2184 obscuritatis,
607 2119 643 2171 ut
670 2107 769 2172 iidem
796 2129 907 2170 versus
935 2105 1012 2170 alias
1039 2106 1072 2169 in
1099 2106 1195 2170 aliam
1227 2131 1298 2180 rem
1330 2132 1428 2194 posse

370 2209 612 2279 accommodari
634 2209 837 2275 viderentur«
851 2212 902 2290 ¹⁵).
934 2209 1047 2295 ltaque
1070 2208 1207 2279 Senatus
1229 2233 1269 2275 eo
1292 2211 1428 2285 consilio

369 2311 470 2376 libros
490 2311 568 2379 istos
588 2311 735 2400 conquiri
752 2311 850 2394 jussit,
872 2322 907 2374 ut
922 2310 1081 2377 similibus
1093 2311 1189 2377 rebus
1205 2312 1348 2384 adversis
1370 2314 1429 2394 ite.

369 2438 444 2482 rum
471 2414 694 2494 incidentibus,
721 2415 808 2480 velut
836 2413 931 2489 bello,
957 2413 1148 2500 pestilentia,
1170 2437 1319 2482 annonae
1341 2417 1428 2482 cari-

245 2524 254 2544 ·
369 2529 442 2594 tate,
473 2530 578 2583 terrae
609 2529 711 2595 motu,
742 2517 863 2604 frigore
895 2527 1064 2604 aestuque,
1097 2515 1179 2580 civili
1218 2517 1427 2596 dissensione,

368 2619 483 2706 profici
505 2620 626 2710 aliquid
648 2619 745 2685 exiis
766 2619 807 2684 ad
828 2618 1022 2706 placandam
1044 2617 1184 2682 deorum
1202 2619 1284 2684 iram
1306 2634 1426 2707 posset.

369 2721 497 2806 Quodsi
520 2734 556 2788 ct
582 2746 618 2788 re
644 2723 712 2810 ipsa
740 2734 772 2787 et
793 2746 810 2786 e
833 2719 915 2786 Livii
936 2717 1070 2785 historia
1092 2722 1303 2807 cognoscitur,
1324 2723 1428 2789 infeli-

368 2824 503 2897 cissimis
534 2826 715 2914 quibusque
737 2824 933 2912 reipublicae
949 2822 1152 2910 temporibus
1162 2823 1322 2910 plurimos
1332 2828 1428 2911 iacta-

368 2939 419 2992 tos
456 2951 525 2993 esse
564 2941 675 2999 vatum
713 2951 835 3004 versus,
865 2937 1120 2990 consentaneum
1157 2936 1204 2989 est
1235 2927 1296 2991 sub
1325 2928 1427 3002 finem

367 3030 452 3095 tertii
473 3030 629 3119 initioque
651 3031 755 3119 quarti
778 3031 819 3094 ab
842 3030 924 3092 urbe
945 3026 1073 3095 condita
1095 3028 1212 3093 saeculi
1233 3029 1318 3104 inter
1341 3045 1425 3096 cete-

368 3156 479 3197 rarum
505 3156 616 3209 rerum
647 3135 756 3199 labem
784 3134 870 3202 hanc
901 3143 1010 3196 vatum
1038 3129 1153 3216 poesin
1187 3153 1304 3219 magna
1338 3137 1425 3222 apud

368 3235 519 3301 homines
538 3237 731 3313 ¹auctoritate
754 3236 901 3308 floruisse
916 3239 963 3315 ¹⁶).
991 3231 1141 3302 Similem
1171 3233 1304 3321 quidem
1333 3237 1424 3307 clari-

367 3336 514 3412 tudinem
536 3352 628 3408 nacta
650 3351 707 3417 est,
729 3363 831 3427 quum
843 3337 1046 3404 Marciorum
1068 3335 1313 3413 vaticinationes
1335 3341 1424 3413 clade

368 3438 532 3515 Cannenn
551 3453 590 3517 ¹ut
610 3442 762 3508 divinitus
782 3441 965 3522 insinuatae
987 3451 1092 3516 essent
1113 3439 1286 3527 probatae;
1313 3456 1423 3511 tamen

418 3665 453 3736 ¹²)
467 3667 510 3723 De
535 3668 626 3741 Begod
651 3671 686 3726 cf.
714 3672 749 3731 K·
777 3670 813 3726 Ο.
842 3669 966 3724 Mueller.
1011 3670 1113 3724 Etruac.
1141 3669 1174 3734 ll,
1200 3689 1227 3748 p.
1249 3670 1292 3747 32,
1312 3671 1355 3733 37,
1380 3673 1422 3726 83.

467 3757 511 3813 De
537 3756 661 3825 Publicio
697 3758 751 3814 Cic.
782 3760 845 3814 Dir.
877 3761 899 3823 l,
924 3759 967 3816 to.
1010 3758 1053 3812 Cl'.
1088 3757 1219 3835 Hartung.
1254 3758 1314 3813 Rel.
1345 3762 1422 3816 Rom.

470 3847 493 3914 l,
511 3844 570 3914 129.
588 3869 627 3920 sq.

470 3935 526 3987 Liv.
545 3936 627 4004 XLII,
645 3938 674 4003 23
692 3938 739 4002 lll,
757 3939 803 4004 103
820 3936 856 4001 V,
874 3938 916 3999 15,
934 3937 975 3990 16.

465 4024 509 4077 De
527 4024 690 4092 Samnitibus
709 4026 789 4087 tradit
805 4027 864 4080 Liv.
882 4028 917 4090 X,
936 4027 976 4080 16.

422 4114 431 4142 ⁶
467 4113 523 4167 Cic.
542 4113 575 4167 dc
592 4114 656 4167 Div.
674 4116 710 4182 ll,
727 4116 768 4168 bl.

420 4200 432 4232 ⁸
464 4201 713 4273 Luculenterlianc
730 4216 842 4277 petatem
865 4202 990 4259 describit
1008 4204 1172 4277 Niebulniup
1197 4206 1266 4262 Hist.
1289 4208 1365 4277 ¹liora.
1388 4208 1423 4273 ll,

462 4312 492 4363 p.
510 4291 569 4346 304.
587 4292 629 4347 cd.
646 4293 671 4348 3.
