3400 5042
391 710 550 777 Veterem
570 701 768 772 Memoriam
789 701 990 795 interpretati
1009 730 1133 776 nomen
1169 708 1222 797 ¹⁸).
1264 708 1331 778 Sed
1351 707 1449 793 buius

391 810 441 879 rei
482 805 619 876 certium
661 817 854 894 argumenta
895 809 1110 896 praecedente
1154 810 1217 878 bac
1259 812 1448 902 quaestione

390 911 604 1003 apparebunt.
664 907 763 995 apud
784 907 942 975 Etruscos
962 934 1065 1000 porro
1085 914 1162 980 Jovi
1183 913 1358 982 concilium
1378 926 1450 983 erat

391 1013 540 1083 additum
561 1008 737 1077 duodecim
757 1008 907 1090 deorum,
929 1036 1012 1101 quoe
1033 1017 1141 1082 Varro
1162 1015 1240 1083 dicit
1259 1016 1335 1085 inde
1356 1014 1448 1085 Con-

391 1127 499 1187 sentes
519 1111 716 1203 appellatos,
747 1112 835 1202 quod
858 1137 922 1180 una
944 1127 977 1181 et
1002 1116 1150 1184 oriantur
1170 1129 1203 1184 et
1222 1118 1373 1185 occidant
1394 1122 1447 1201 ¹²).

391 1218 509 1309 Neque
540 1213 723 1293 boeticos,
754 1237 897 1304 quorum
929 1219 1099 1286 consilium
1118 1220 1251 1310 Jupiter
1281 1221 1376 1289 adeat
1405 1221 1448 1289 ad

391 1318 529 1388 fulmina
548 1315 707 1400 iacienda,
733 1316 858 1383 alienos
889 1342 958 1386 esee
980 1345 999 1387 a
1020 1322 1250 1391 Novensilibus
1282 1322 1359 1404 diis,
1391 1323 1448 1414 qui

391 1423 454 1514 ipsi
474 1418 610 1489 fulmina
630 1417 761 1501 jaciant,
782 1418 880 1487 docet
900 1423 942 1488 K.
965 1422 1009 1489 O.
1030 1424 1224 1505 Muellerus,
1255 1449 1333 1493 oum
1352 1449 1448 1514 prae·

392 1525 505 1594 sertim
526 1521 640 1591 ceteris
661 1522 795 1611 singulis
817 1546 936 1602 unum,
961 1526 1047 1591 Jove
1067 1528 1128 1593 tria
1149 1527 1286 1595 fulmina
1307 1541 1448 1609 tenente,

391 1629 535 1699 eundem
556 1648 656 1715 quem
683 1648 781 1713 supra
804 1649 981 1692 numerum
1004 1629 1177 1697 duodecim
1198 1630 1378 1699 babeamus
1395 1637 1447 1714 ¹⁸).

390 1733 568 1819 Utriusque
596 1751 676 1793 vero
708 1728 831 1794 ordinis
863 1729 1002 1796 deorum
1034 1733 1167 1798 nomina
1200 1735 1348 1823 quamvis
1379 1760 1448 1801 nou

390 1835 504 1904 omnia
535 1843 699 1910 constent,
730 1843 840 1898 tamen
873 1834 989 1899 eadem
1028 1835 1097 1900 lere
1128 1837 1333 1925 appellantur
1364 1863 1448 1928 quae

390 1938 503 2030 paullo
514 1935 599 2002 infra
612 1934 776 2000 Saliorum
788 1934 821 2000 in
833 1937 1029 2003 carminibus
1041 1939 1189 2004 invocata
1200 1941 1383 2007 videbimus
1399 1947 1448 2022 ¹⁹).

392 2041 486 2130 Quid
505 2038 624 2128 igitur?
677 2037 796 2103 Nonne
817 2037 872 2102 bic
893 2039 1066 2106 nominum
1088 2065 1265 2109 consensus
1286 2044 1384 2109 etiam
1405 2046 1447 2109 ab

389 2147 497 2235 aliqua
517 2152 611 2231 parte
631 2139 673 2205 ad
684 2163 797 2206 rerum
808 2163 992 2207 connexum
1004 2155 1150 2231 spectare
1160 2145 1310 2211 videtur?
1332 2145 1448 2232 Quum

389 2259 559 2339 praeterea
580 2241 724 2321 Etrusci,
755 2241 882 2331 fulgura
904 2267 941 2309 ac
961 2247 1104 2314 tonitrua
1126 2271 1201 2314 cum
1223 2249 1299 2315 anni
1320 2260 1449 2336 tempo-

391 2352 483 2419 ribus
509 2347 577 2414 sive
610 2345 696 2412 varia
729 2345 810 2411 aeris
846 2358 1071 2434 temperatura
1106 2351 1183 2417 solis
1219 2351 1290 2416 luce
1328 2351 1448 2417 ellecta

391 2453 567 2523 cohaerere
595 2448 735 2537 experti,
767 2459 873 2514 certos
900 2473 918 2514 e
945 2475 1085 2518 numero
1111 2453 1339 2520 Novensilium
1366 2454 1447 2520 deos

390 2554 523 2645 singulis
543 2551 710 2619 mensibus
731 2550 869 2617 fulmine
880 2554 994 2635 jacere,
1014 2555 1048 2621 in
1064 2561 1162 2622 sacris
1180 2556 1268 2623 libris
1278 2555 1448 2635 baberent,

389 2684 458 2731 non
478 2656 618 2725 dubium
645 2677 714 2721 esse
742 2653 883 2733 videtur,
914 2657 994 2745 quin
1021 2658 1055 2723 hi
1077 2658 1253 2724 duodecim
1273 2659 1367 2725 Jovis
1388 2682 1447 2724 eeu

389 2764 467 2833 solis
487 2757 641 2836 ministri,
662 2757 713 2822 vel
736 2768 915 2837 senatores,
938 2773 973 2825 ut
993 2760 1035 2826 ita
1058 2761 1181 2839 dicam,
1207 2761 1248 2826 ad
1271 2761 1448 2827 duodecim

390 2865 609 2939 annimensee
630 2859 708 2926 solis
731 2859 854 2926 vicibus
877 2886 939 2930 una
962 2887 1077 2930 omnes
1099 2876 1296 2952 provocatos
1317 2875 1350 2931 et
1370 2887 1448 2930 con-

388 2974 492 3042 lectos
513 2968 577 3035 sint
596 2962 770 3031 referendi.

388 3136 601 3162 ..nnn-⁸·

424 3243 461 3316 1Ι)
496 3242 540 3299 De
558 3234 693 3297 Mamurio
710 3234 783 3290 Fert.
800 3252 827 3289 v.
846 3234 964 3290 Mansuri
981 3234 1076 3293 Veturi
1093 3257 1119 3308 p.
1138 3235 1206 3303 1313
1221 3236 1293 3294 Plut.
1311 3237 1447 3296 vitNum.

491 3352 514 3389 c.
533 3328 582 3385 1³2
601 3323 635 3385 Ol
648 3321 675 3384 ll
689 3323 717 3383 ssi
726 3317 848 3405 Bsrsiigssa
861 3319 1010 3406 Mapseaigsss
1024 3319 1086 3397 sisai,
1100 3341 1168 3400 osset
1181 3327 1222 3384 vla
1232 3323 1357 3403 adipatae»,
1373 3326 1448 3388 ἆλλᾶ

490 3420 767 3505 Oiarlgspspsspssgisps,
780 3416 841 3501 ἕως
855 3421 918 3495 ἰπὶ,
929 3417 1042 3480 anamais
1053 3420 1157 3496 palpas.
1194 3422 1282 3478 Varro
1299 3424 1330 3478 L.
1347 3424 1377 3479 L.
1395 3424 1446 3496 Vl,

490 3542 519 3596 p.
535 3520 589 3576 ΙΝ
605 3519 647 3577 ed.
667 3520 766 3594 Speug.
802 3519 897 3590 ltaque
914 3517 980 3573 Salii
999 3518 1072 3593 quod
1090 3530 1200 3573 cantant
1219 3518 1334 3574 Mamuri
1352 3519 1446 3576 Veturi

492 3607 642 3683 significant
658 3620 776 3664 veterem
793 3606 952 3662 naemoriara.

423 3700 460 3773 ¹¹)
495 3698 582 3755 Varro
599 3719 640 3772 ap.
659 3696 763 3753 Arnob.
782 3696 842 3751 adv.
860 3708 932 3768 gent.
949 3696 1003 3759 ΙΙΙ,
1019 3695 1055 3749 ld
1072 3695 1107 3751 de
1125 3697 1269 3752 Penatibus
1287 3696 1369 3754 dicit:
1387 3699 1446 3754 Hos

491 3788 641 3846 Consentes
659 3799 687 3843 et
704 3784 856 3859 Complices
873 3783 980 3840 Etrusci
996 3784 1073 3854 ajunt
1090 3798 1117 3841 et
1134 3786 1284 3850 nominant,
1302 3787 1376 3858 quod
1394 3808 1447 3843 una

492 3878 614 3936 oriantur
631 3888 659 3931 et
676 3873 814 3938 occidant,
832 3893 880 3929 sex
895 3894 981 3930 rnares
994 3886 1022 3929 et
1030 3874 1143 3931 totidem
1152 3873 1276 3940 sentinas.
1292 3875 1447 3931 nominibus

489 3968 588 4041 ignotis
605 3978 633 4022 et
649 3964 823 4020 miserationis
846 3963 1028 4036 parcissimae:
1054 3964 1101 4020 sed
1119 3985 1165 4021 eoa
1181 3963 1259 4019 Jovis
1280 3963 1446 4021 consiliarios

389 4098 392 4106 .
489 4076 522 4114 ac
538 4053 683 4131 principes.

423 4146 460 4219 ιθ)
494 4148 530 4203 K.
549 4146 585 4201 Ο.
603 4142 698 4200 Muell.
715 4143 818 4198 Etrusc.
838 4141 873 4205 ΙΙ,
888 4140 931 4195 84.
967 4140 1037 4196 Plin.
1055 4141 1091 4195 H.
1112 4141 1148 4195 N.
1167 4141 1201 4209 ll,
1217 4142 1259 4197 bd

423 4236 460 4308 ¹l)
494 4234 611 4292 Nomina
629 4231 816 4289 Novensilium
834 4243 911 4286 sunt:
928 4230 1046 4305 Jupiter,
1062 4231 1149 4299 Juuo,
1167 4228 1308 4298 Minerva,
1325 4232 1447 4321 Vejovis.

491 4324 666 4392 Summanos,
684 4320 834 4388 Vulcanus,
852 4320 999 4386 Saturnus,
1016 4321 1101 4376 Mars.
1135 4319 1230 4375 Maeli
1248 4321 1307 4376 Etr.
1317 4321 1352 4388 ΙΙ,
1369 4341 1395 4395 p·
1402 4321 1446 4379 dd.
