3400 5042
849 511 900 582 82

437 693 554 775 Topper
585 685 716 771 Quinct.
751 688 828 750 lnst.
863 685 954 750 Orat.
978 688 1001 764 l,
1027 693 1056 751 6.
1105 688 1192 751 Fest.
1220 711 1251 774 p.
1279 693 1340 752 352
1368 688 1410 752 cf.

349 793 462 859 Muell.
485 789 590 877 suppl.
613 801 721 852 annot.
743 813 774 875 p.
798 795 878 852 412:
901 790 979 866 cito,
1000 788 1160 867 celeriter,
1180 801 1312 854 temere.
1346 792 1412 854 lte-

352 894 482 960 ferenda
505 892 632 955 videtur
653 891 734 954 haec
761 915 826 954 vox
847 890 888 955 ad
917 892 1051 978 stirpem
1082 895 1164 956 TUB
1185 916 1202 955 a
1225 916 1288 978 qua
1317 898 1412 971 tuber,

350 1003 500 1074 tolerare,
522 999 706 1059 tumescendi
723 994 857 1057 notione
879 994 1107 1070 subversante3
1130 995 1217 1058 unde
1233 995 1412 1082 significare

349 1111 479 1187 poterat
499 1098 711 1162 vehementer
732 1095 945 1159 abundanter.

432 1202 537 1266 Multa
560 1199 655 1284 igitur
678 1211 709 1261 et
732 1199 814 1262 varia
837 1198 935 1261 fuisse
957 1197 1038 1261 baec
1066 1211 1235 1262 axamenta
1264 1223 1303 1263 eo
1332 1223 1411 1262 con-

349 1305 482 1391 spicitur
504 1302 593 1389 quod
616 1297 821 1386 Capitolinus
844 1324 914 1364 esse
937 1300 1056 1387 aliquid
1080 1301 1241 1364 existimat
1251 1325 1287 1365 ea
1300 1302 1411 1366 omnia

349 1407 502 1470 ediscere.
544 1405 630 1467 Nam
653 1404 785 1466 Praeter
804 1407 943 1481 Janulos,
967 1407 1123 1479 Junom'os,
1144 1408 1306 1468 Minerviae
1327 1415 1412 1467 cete-

349 1532 464 1574 rorum
486 1508 624 1570 deorum
648 1528 772 1582 versus,
804 1530 945 1593 quorum
972 1529 1103 1569 sensum
1131 1507 1278 1591 ipsorum
1304 1505 1412 1568 numi-

350 1635 432 1676 num
453 1621 664 1672 naturarum
688 1608 869 1670 carminum
896 1608 1038 1694 reliquiis
1065 1609 1195 1694 integris
1217 1608 1411 1694 quibusdam

350 1723 537 1799 comparata
561 1710 686 1796 assequi
709 1710 749 1772 ab
773 1709 879 1796 aliqua
902 1721 994 1796 parte
1017 1710 1122 1772 conati
1145 1733 1271 1787 sumus,
1293 1710 1411 1772 decan·

349 1828 413 1879 tata
437 1838 519 1888 esse,
551 1824 726 1897 praecunte
750 1824 835 1889 vate,
868 1813 1046 1897 compluria
1075 1813 1356 1898 inaugurationem
1379 1824 1412 1874 ct

350 1916 638 2002 exaugurationum
666 1914 825 1990 carmina,
865 1925 897 1976 et
925 1915 1033 1977 verbis
1066 1915 1198 1998 singulis
1225 1914 1266 1976 de
1293 1914 1411 1999 quibus

350 2021 474 2105 egimus
507 2029 538 2080 et
570 2015 758 2100 fragmentis
792 2015 922 2100 integris
965 2016 1143 2079 certissime
1187 2016 1409 2081 confirmatur.

350 2121 498 2186 Omnino
522 2117 625 2182 Salios
648 2117 830 2180 sacerdotes
853 2118 1064 2181 caerimonias
1085 2117 1333 2194 sacrificiorum,
1354 2141 1411 2181 au-

349 2223 528 2310 guriorum,
551 2219 731 2305 epularum,
754 2219 964 2283 saltationum
981 2244 1124 2296 suarum,
1146 2222 1254 2306 ipsum
1270 2220 1410 2306 denique

349 2324 500 2388 vestitum
525 2333 741 2407 ornatumque
764 2344 860 2384 suum
883 2323 1024 2386 carmine
1046 2323 1130 2385 inter
1151 2322 1260 2386 laudes
1273 2321 1411 2385 deorum

349 2436 536 2512 persecutos
560 2446 628 2486 esse
651 2423 765 2485 eadem
787 2425 928 2501 ratione,
956 2435 1051 2511 atque
1074 2425 1106 2486 in
1128 2424 1245 2487 tabulis
1266 2424 1411 2509 Engubi-

348 2529 397 2592 nis
409 2525 568 2607 ejusmodi
582 2547 671 2587 sacra
684 2525 839 2607 descripta
853 2526 1067 2613 reperiuntur,
1080 2549 1195 2589 omnes
1207 2537 1410 2612 vetustorum

348 2629 530 2692 carminum
569 2649 698 2712 sparsae
737 2626 808 2689 illae
845 2649 1002 2712 raraeque
1039 2627 1194 2715 reliquiae
1232 2627 1409 2691 arctissimo

347 2753 507 2794 consensu
529 2728 603 2791 satis
626 2751 789 2814 superque
811 2727 1046 2793 demonstrant.
1075 2731 1244 2793 Praeterea
1266 2729 1410 2792 virorum

348 2832 388 2895 de
411 2829 577 2916 republica
600 2828 899 2892 benemeritorum
927 2832 1059 2894 nomina
1082 2831 1220 2917 publicis
1247 2854 1321 2894 cum
1343 2831 1411 2893 lau-

349 2934 443 2997 dibus
466 2933 498 2994 in
521 2931 683 2995 Saliorum
705 2943 780 2994 vota
802 2953 863 3016 pro
886 2934 1051 3018 republica
1065 2933 1251 2997 facientium
1265 2933 1410 2996 versibus

349 3034 508 3122 appellata
534 3057 609 3110 esse,
630 3033 792 3119 colligitur
809 3057 826 3096 e
846 3032 953 3097 fabula
971 3035 1023 3098 illa
1042 3035 1082 3099 de
1097 3036 1232 3099 Veturio
1245 3036 1409 3100 Mamurio

349 3137 479 3212 tradita,
517 3147 549 3198 et
577 3135 708 3198 'l'acitus
735 3133 822 3197 hunc
850 3134 1014 3200 honorem
1042 3137 1277 3223 imperatorum
1306 3149 1410 3201 aetate

347 3237 585 3325 amplissimum
613 3235 727 3299 haberi
756 3237 919 3300 clarorum
952 3239 1098 3302 virorum
1123 3239 1306 3325 praemium
1333 3263 1411 3324 pro-

347 3341 531 3418 fitetur¹¹⁴).
589 3341 666 3402 Post
689 3361 728 3402 eo
750 3362 854 3425 usque
876 3342 1035 3426 processit
1061 3343 1217 3419 adulatio,
1250 3354 1285 3405 ut
1312 3343 1408 3405 etiam

347 3442 599 3529 imperatoribus
621 3441 698 3506 Salii
722 3457 999 3507 consecrarentur.
1044 3447 1086 3507 At
1107 3444 1194 3507 enim
1223 3445 1411 3530 descriptio-

347 3569 426 3609 nem
455 3545 634 3629 originum,
667 3545 898 3629 cognationum
927 3547 1082 3623 deorum,
1116 3547 1247 3632 qualem
1277 3547 1409 3610 Hesiodi

347 3647 546 3732 theogoniae
569 3646 707 3709 similem
730 3645 763 3708 in
787 3650 964 3712 axamentis
987 3648 1117 3711 infuisse
1131 3673 1148 3710 e
1162 3649 1287 3735 Virgilii
1309 3649 1409 3712 dubio

346 3750 420 3813 loco
445 3747 662 3834 Goettlingius
685 3760 809 3813 temere
832 3753 978 3831 conjecit,
1001 3773 1075 3814 cum
1098 3751 1229 3814 atotius
1246 3751 1411 3837 religionis

348 3853 518 3914 Romanae
541 3851 676 3926 ratione,
698 3862 768 3913 tum
792 3877 808 3915 e
831 3853 1007 3917 Saliaribus
1030 3851 1197 3916 cantilenis
1218 3856 1313 3939 plane
1336 3854 1412 3918 alie-

346 3976 423 4017 nam
446 3952 544 4016 fuisse
568 3965 600 4016 et
621 3952 872 4017 Schoemannus
894 3955 972 4020 vidit
987 3960 1053 4032 ¹¹⁵),
1075 3966 1107 4018 et
1127 3965 1195 4017 tota
1218 3953 1279 4018 hac
1300 3956 1405 4042 dispu-

345 4055 468 4119 tatione
491 4056 604 4118 elucet.

380 4194 428 4262 ¹¹⁴)
448 4197 533 4251 Tacit.
554 4195 651 4250 annal.
671 4197 704 4258 ll.
722 4197 764 4250 83.

381 4280 429 4351 ¹¹⁶)
448 4283 638 4339 Schoemann:
660 4285 704 4338 De
723 4285 882 4357 Theogonis
900 4286 1022 4344 Hesiodi.
1041 4288 1102 4342 lnd.
1120 4286 1233 4343 scholar.
1254 4287 1411 4362 Grypbien‘.

448 4390 511 4426 uem.
529 4384 595 4428 cest.
614 4372 689 4426 1845.
