3400 5042
841 493 892 566 66

339 671 383 737 sic
403 675 513 736 stasim
534 691 595 758 pro
616 673 755 747 stassint,
776 675 927 748 stat-sint,
947 677 1087 736 steterint
1108 671 1222 736 Saliari
1243 693 1396 736 sermone

339 761 478 852 dictum,
511 771 599 836 unde
624 771 783 851 Astasint,
822 772 1011 839 Ad-stasint
1039 773 1177 840 efficitur
1202 799 1264 863 pro
1290 779 1398 841 Adsti-

340 882 448 954 terint,
486 874 575 940 sicuti
608 876 642 940 in
673 875 789 941 tabulis
821 877 1004 964 Eugubinis
1035 877 1205 965 aliquoties
1236 880 1269 942 ni
1301 878 1398 943 fallor

330 982 418 1065 stetin
439 1001 499 1067 pro
519 977 658 1060 fecerim.
703 976 860 1044 Ceterum
881 980 1021 1045 Perfecti
1048 981 1271 1063 conjunctivus
1298 982 1397 1044 etiam

337 1081 406 1146 aliis
427 1081 460 1145 in
483 1081 801 1170 comprecationibus
823 1083 956 1146 vetustis
979 1082 1121 1163 usitatus,
1142 1096 1178 1148 ut
1198 1090 1268 1150 siris
1290 1096 1322 1148 et
1337 1089 1396 1147 sins
1496 1157 1501 1162 ¹

337 1207 399 1273 pro
420 1190 526 1250 siveris
547 1185 580 1248 in
603 1184 878 1250 Suovetaurilium
900 1197 932 1249 et
948 1186 1116 1251 Arvalium
1138 1187 1344 1252 carminibus.

437 1286 513 1354 Aac
533 1293 740 1368 agglomerati,
762 1288 903 1352 universi
925 1300 1059 1368 stantes,
1081 1289 1113 1354 id
1136 1303 1185 1354 est
1205 1289 1395 1355 cohortibus

337 1402 391 1458 aut
411 1389 603 1478 legionibus.
635 1389 754 1456 „Paull
776 1413 808 1478 p.
830 1395 880 1456 25.
913 1390 967 1456 Sic
987 1403 1074 1456 recte
1096 1391 1393 1480 interpungendum

337 1504 447 1560 censet
467 1484 638 1580 Bergkius;
660 1517 721 1559 nec
741 1505 851 1560 tamen
874 1516 956 1582 opus
973 1506 1022 1558 est
1039 1494 1192 1582 Scaligeri
1208 1501 1394 1576 conjectura

337 1623 422 1676 axes,
444 1618 547 1684 quum
568 1619 678 1661 sensus
699 1595 753 1661 hic
774 1597 832 1661 sit:
860 1596 937 1662 Salii
959 1596 993 1661 in
1014 1605 1085 1663 aab
1107 1621 1164 1662 seu
1185 1623 1314 1662 coronae
1335 1619 1393 1660 seu

337 1704 444 1766 eberti
461 1697 606 1763 formam
628 1699 800 1788 compositi
818 1694 1027 1786 ‘consalutique
1048 1702 1171 1765 circum
1193 1701 1301 1766 altare.
1339 1697 1392 1763 Cf.

336 1825 420 1892 quae
442 1823 538 1889 supra
561 1800 601 1866 de
623 1803 757 1867 nomine
779 1818 1005 1868 caementorum
1026 1804 1109 1868 dicta
1131 1815 1215 1881 sunt,
1237 1815 1268 1866 et
1290 1825 1318 1865 v.
1332 1827 1393 1865 am·

336 1910 436 1985 baxio,
456 1929 485 1970 v.
498 1910 638 1974 ustasint.
671 1906 738 1968 llas
759 1930 837 1971 vero
859 1919 925 1970 tres
936 1906 1057 1992 glossas
1078 1907 1112 1968 in
1123 1904 1236 1970 Saliari
1248 1904 1392 1968 carmine

335 2009 523 2092 conjunctas
545 2005 653 2086 luisse,
676 2030 771 2072 sanus
782 2007 924 2073 indicare
935 2008 1061 2072 videtur
1073 2031 1237 2073 connexus
1248 2008 1281 2071 in
1293 2029 1392 2094 quem

335 2124 452 2200 sponte
473 2133 682 2176 concrescere
703 2109 855 2175 videntur
874 2111 961 2175 hunc
982 2109 1017 2174 in
1038 2111 1176 2176 modum
1197 2110 1333 2199 positae:

415 2213 479 2280 Ne.
504 2219 552 2282 10.
663 2217 733 2278 Axe
755 2219 956 2294 deglomerati
974 2221 1105 2279 dstusint
1126 2219 1323 2300 omdaxidque

664 2319 884 2382 Circumeuntes
906 2367 913 2382 .
937 2366 943 2382 .
967 2365 975 2382 .

334 2431 367 2485 et
387 2441 483 2484 sensu
505 2417 628 2507 optime
655 2419 835 2507 quadrante
863 2421 905 2484 ad
931 2419 1071 2484 chorum
1098 2420 1262 2486 Saliorum
1287 2417 1390 2482 modo

333 2528 487 2601 stantium,
508 2520 611 2586 modo
633 2528 865 2608 amptruantiurn
886 2523 1008 2587 circum
1029 2523 1154 2602 altaria,
1176 2534 1209 2586 et
1227 2523 1311 2604 justo
1334 2544 1392 2583 nu·

333 2648 427 2692 mero
449 2624 601 2692 Saturnio
623 2637 808 2713 apparente.

416 2729 514 2814 Apica
546 2726 662 2792 dicitur
694 2728 763 2793 ovis
796 2751 879 2815 quae
911 2739 1059 2792 ventrem
1095 2727 1245 2815 glabrum
1281 2724 1389 2789 habet.

333 2827 407 2917 (Cf.
429 2831 535 2895 Varro
559 2831 600 2898 R.
623 2830 662 2894 R.
686 2833 726 2910 11,
748 2836 777 2895 2.
820 2830 902 2895 Plin.
925 2831 965 2894 H.
988 2830 1028 2894 N.
1052 2831 1142 2908 Vlll,
1170 2836 1219 2906 48,
1241 2833 1303 2904 ts).
1346 2831 1389 2890 At

332 2939 421 3020 opica
442 2956 509 2997 non
530 2933 632 3019 magis
655 2955 754 3021 quam
776 2931 1026 3018 apexaGraeco
1047 2927 1155 2996 nenos
1175 2929 1388 2994 derivandum

332 3048 388 3101 est.
430 3035 562 3100 Etenim
588 3035 699 3100 scribit
719 3035 834 3100 Isidor.
859 3035 972 3122 Origg.
998 3038 1080 3113 XIX,
1107 3039 1165 3099 30:
1204 3036 1313 3119 »Aper
1341 3043 1389 3097 est

330 3137 455 3226 pileum
476 3137 583 3216 sutile,
615 3162 681 3226 quo
703 3137 886 3204 sacerdotes
908 3137 1043 3224 gentiles
1065 3137 1251 3201 utebantur:
1279 3136 1389 3223 appel-

332 3241 415 3306 latus
438 3242 478 3305 ab
501 3246 636 3326 apiendo,
657 3241 690 3306 id
712 3253 760 3306 est
781 3264 798 3305 a
820 3246 968 3321 treanta«
1011 3239 1097 3304 Nam
1109 3238 1241 3326 virgula,
1262 3261 1344 3325 quae
1356 3238 1389 3301 in

330 3343 418 3432 pileo
440 3355 516 3422 erat,
537 3345 770 3409 contenebatur
786 3342 853 3423 filo,
875 3343 963 3432 quod
980 3341 1078 3407 fiebat
1094 3367 1132 3406 ex
1148 3341 1220 3406 lana
1233 3341 1388 3404 hostiae«

333 3445 541 3513 CtPenssn.
563 3470 645 3535 apex
665 3470 697 3535 p.
721 3454 769 3514 18.
793 3446 839 3512 ld.
861 3470 893 3535 p.
915 3453 969 3512 23:
1002 3450 1180 3531 »Apiculum
1199 3444 1301 3522 filum,
1322 3466 1388 3531 quo

331 3548 479 3615 flamines
510 3550 653 3615 velatum
685 3549 811 3638 apicem
843 3563 989 3636 gerunt«
1047 3547 1100 3618 cf.
1123 3574 1152 3614 v.
1174 3547 1388 3633 Albogalerus

329 3651 430 3718 Paull.
452 3677 485 3740 p.
508 3659 556 3732 10,
588 3654 696 3716 Varro
724 3675 775 3740 ap.
798 3652 882 3722 Gell.
903 3653 944 3717 N.
967 3659 1006 3721 A.
1035 3654 1071 3730 Χ,
1100 3659 1147 3730 15,
1179 3650 1313 3715 Sueton.
1335 3671 1386 3736 ap.

331 3755 421 3822 Serv.
443 3756 534 3842 Virg.
556 3760 638 3820 Aen.
660 3756 701 3835 ll,
722 3761 792 3823 683.
835 3759 983 3843 Apparet
1006 3779 1083 3820 sane
1105 3778 1123 3819 a
1145 3753 1247 3818 verbo
1269 3757 1392 3838 aptandi

328 3855 476 3946 primum
497 3857 663 3924 vinculum
685 3881 742 3923 seu
762 3857 857 3923 filum
877 3858 1008 3923 laneum
1029 3868 1183 3922 vocatum
1205 3861 1388 3942 esseapicu-

329 3967 403 4041 lum,
424 3962 465 4026 ab
488 3960 553 4026 hoc
573 3960 678 4049 ipsam
699 3960 775 4049 pilei
797 3960 956 4049 virgulam
978 3959 1033 4024 filo
1055 3971 1244 4025 contextam
1265 3965 1387 4044 apicem,

329 4061 448 4130 deinde
468 4061 620 4143 hostiam,
641 4063 730 4145 cujus
753 4086 770 4127 e
787 4063 860 4128 lana
882 4069 1029 4150 apiculum
1042 4062 1141 4142 fieret,
1162 4067 1278 4148 apicum
1291 4087 1387 4136 ocem·

329 4189 412 4257 quae
444 4189 520 4232 cum
550 4165 755 4244 tonderetur,
786 4167 924 4248 omnino
956 4166 1025 4231 ovis
1056 4177 1167 4232 ventre
1192 4164 1308 4253 glabro
1334 4163 1386 4228 vel

329 4268 469 4336 detonso
490 4267 580 4359 apice
601 4268 711 4336 vocari
731 4277 870 4358 poterat.
912 4265 967 4336 cf.
988 4290 1019 4336 v.
1037 4273 1151 4364 percite.
