3400 5042
826 516 875 592 87

320 702 387 783 quo
407 693 498 759 Mars
520 692 715 780 cognomine
739 693 877 779 Quiritis
899 694 1070 782 appellata,
1092 693 1316 783 similibusque
1338 718 1387 760 aa·

321 797 381 861 cris
404 795 545 860 cruentis
566 795 690 882 placata
714 808 770 874 est,
793 810 824 860 et
845 798 932 884 apud
955 798 1111 861 Etruscos
1133 797 1216 861 inter
1237 795 1387 862 Consen-

319 910 367 963 tes
390 899 469 964 deos
490 921 508 962 a
532 897 746 985 scriptoribus
768 898 918 962 habetur.
959 901 1071 986 ltaque
1093 899 1161 962 lieri
1184 924 1250 964 non
1272 901 1386 995 potuit,

322 1001 406 1089 quin
427 1003 518 1066 Juno
541 1000 670 1079 Lucina,
694 1025 777 1088 quae
800 1001 961 1066 duodenis
990 1001 1085 1064 lunae
1113 1001 1236 1067 vicibus
1263 1025 1387 1066 annum

321 1102 507 1183 conficeret,
527 1103 681 1168 Junoniis
703 1104 758 1192 qui
772 1116 931 1169 vocantur
942 1103 1106 1168 Saliorum
1129 1105 1274 1169 versibus
1295 1129 1387 1170 reco-

321 1207 454 1286 leretur,
485 1219 521 1272 ut
541 1207 733 1295 progeniem
756 1230 812 1270 seu
832 1213 1007 1293 prosapiam
1032 1207 1236 1294 pleniorum,
1263 1207 1386 1272 anima·

246 1305 247 1308 ¹
319 1308 410 1388 lium,
430 1309 606 1375 hominum
641 1310 842 1374 uberrimam
866 1310 899 1372 in
920 1310 1086 1374 vernalem
1104 1310 1210 1375 lucem
1222 1309 1386 1397 proderet,

320 1436 430 1501 neque
449 1414 591 1478 alienum
613 1424 662 1476 est
684 1413 821 1477 verbum
843 1419 1004 1478 molucrum
1026 1413 1165 1491 Saliare,
1183 1412 1273 1499 quod
1290 1412 1386 1476 femi-

321 1540 438 1580 narum
460 1515 541 1581 uleri
554 1527 720 1580 tumorem
732 1517 933 1602 grammatici
952 1517 1217 1604 interpretantur,
1229 1514 1270 1578 ad
1288 1515 1386 1579 Fluo-

321 1618 410 1683 niam
433 1618 685 1706 Opigenamque
709 1623 789 1682 banc
811 1619 907 1682 deam
930 1619 1053 1683 referre
1070 1619 1124 1703 ⁰⁸).

403 1722 467 1786 Pro
489 1720 605 1786 eadem
626 1721 780 1807 religione
803 1721 902 1785 etiam
929 1720 1065 1785 Luciam
1092 1720 1315 1784 Volaminiam
1329 1722 1385 1800 ⁸⁴),

319 1825 370 1890 cui
393 1824 551 1912 quidquid
578 1836 692 1889 natum
719 1824 822 1888 modo
844 1835 914 1887 erat
935 1823 1158 1888 commendari
1187 1823 1322 1901 solebat,
1348 1835 1386 1886 ut

319 1939 479 2006 tueretur,
511 1927 589 1992 Salii
611 1926 931 2014 comprecationibus
953 1928 1018 1991 suis
1044 1927 1221 2014 propitiam
1246 1925 1385 1991 reddere

320 2028 503 2099 studebant.
546 2030 648 2115 Quod
670 2053 749 2094 vero
772 2029 1006 2094 Matronalium
1033 2029 1085 2093 die
1106 2030 1140 2092 in
1163 2030 1282 2093 Vestae
1304 2029 1384 2092 aede

321 2155 426 2198 novae
446 2132 576 2197 laureae
599 2145 631 2196 et
652 2133 793 2197 recentia
815 2134 961 2220 gramina
978 2144 1147 2219 ponuntur
1158 2134 1291 2220 ejusque
1303 2131 1383 2196 deae

320 2235 402 2324 ignis
422 2234 566 2300 reficitur
580 2234 635 2318 ⁶⁵),
661 2235 813 2299 subtilem
835 2236 932 2317 hujus
955 2235 1034 2298 deae
1056 2257 1243 2298 connexum
1264 2234 1386 2298 indicat

320 2363 396 2404 cum
416 2340 550 2402 Junone
572 2349 605 2401 et
625 2337 730 2401 Marte
753 2338 897 2423 Virginis
920 2337 1059 2402 Vestalis
1081 2348 1237 2404 amatore.
1265 2338 1384 2422 Quum

321 2439 518 2506 enim'Solis
538 2439 677 2506 vernalis
699 2439 807 2504 calore
828 2452 934 2504 terrae
957 2439 1144 2528 superficies
1166 2438 1298 2503 hiemali
1319 2439 1385 2525 gla-

320 2545 368 2609 cie
390 2543 492 2633 rigida
513 2542 650 2608 mulceri
674 2542 795 2629 coepit,
827 2554 899 2606 tum
928 2542 1026 2606 etiam
1053 2542 1094 2606 ab
1121 2542 1237 2606 intimo
1260 2543 1383 2606 Terrae

319 2647 443 2734 gremio
465 2647 586 2712 aeterni
606 2644 841 2735 infernalisque
864 2644 946 2732 ignis
968 2645 1057 2709 calor
1083 2644 1191 2709 mollis
1219 2658 1251 2709 et
1278 2645 1383 2708 almus

318 2760 449 2815 sursum
478 2748 519 2813 ad
547 2748 732 2835 plantarum
761 2747 885 2812 radices
912 2749 1078 2834 profluere
1105 2748 1247 2826 videtur,
1277 2748 1321 2811 ita
1349 2759 1385 2811 ut

304 2858 431 2916 ‘semen
454 2875 470 2916 a
493 2851 614 2916 vernali
636 2851 743 2915 Marte
770 2851 954 2938 inspersum
981 2851 1108 2916 mollito
1135 2852 1261 2938 gremio
1289 2850 1384 2936 virgi-

321 2955 384 3020 nali
401 2944 510 3019 ¹foveri
533 2966 566 3018 et
585 2953 700 3018 nutriri
723 2953 971 3040 quodammodo
993 2953 1096 3040 possit
1115 2955 1169 3039 ⁶⁶).

400 3058 453 3122 De
465 3058 550 3122 Jove
569 3057 672 3122 Elicio
694 3079 796 3142 porro
818 3057 884 3137 jam
907 3079 1003 3143 supra
1026 3057 1209 3142 expositum
1232 3068 1383 3143 est,quo-

319 3161 423 3226 modo
436 3182 511 3224 curn
524 3159 640 3225 Martis
652 3159 787 3224 nurnine
797 3159 981 3224 cohaereat.
996 3158 1098 3241 Cujus
1110 3182 1383 3246 cognomenquo-

361 3405 404 3476 ⁸⁸)
426 3408 550 3471 Dianam,
568 3408 712 3473 Junonem,
731 3408 833 3462 Lunam
847 3409 958 3463 eandem
973 3428 1029 3462 esse
1040 3409 1073 3463 cf.
1097 3406 1185 3461 Varro
1196 3406 1225 3458 L.
1236 3406 1266 3458 L.
1277 3405 1313 3473 V,
1332 3406 1386 3473 1⁰.;

423 3497 502 3551 lunae
520 3496 653 3552 crescenti
671 3517 702 3550 ac
721 3496 887 3552 decrescenti
905 3518 1024 3568 magnam
1046 3495 1099 3548 vim
1122 3497 1247 3550 tributam
1272 3495 1306 3548 ad
1329 3497 1385 3548 [oe-

420 3576 585 3640 cunditrtem
599 3571 655 3638 aut
677 3586 824 3656 aagendam
843 3599 891 3640 aut
914 3586 1114 3639 diminuendam
1137 3585 1218 3639 docet
1235 3583 1332 3636 Varro.
1351 3583 1383 3636 R.

351 3702 354 3709 ·
420 3675 604 3739 tt.1,3t,cf.
624 3673 887 3728 CatullCarmii‘Z.
924 3675 1079 3746 Lupercalia
1102 3670 1289 3728 foecunditatis
1313 3673 1384 3726 exci-

421 3762 518 3816 tandae
535 3762 620 3833 gratia
638 3762 744 3816 Junoni
762 3776 863 3818 sacrata
882 3764 957 3816 Ovid
975 3764 1047 3817 Fast.
1063 3764 1099 3828 ll,
1117 3763 1177 3815 425.

362 3850 401 3920 ⁸⁴)
418 3849 512 3914 ,Varro
522 3851 551 3904 li.
563 3851 593 3903 L.
603 3852 652 3915 lX,
660 3851 693 3905 61
704 3852 745 3904 ed.
755 3853 791 3906 Ο.
802 3852 912 3906 Muell:
931 3851 1136 3906 Videmusenim
1146 3847 1264 3904 Maniam
1275 3862 1383 3904 matrem

419 3936 515 3994 Larum
531 3938 600 4004 dici3
618 3939 725 3995 Luciam
737 3939 916 3994 Volarniniam
925 3940 1057 3994 Saliorum
1073 3939 1233 3995 carminibus
1243 3937 1381 4011 appellari.

362 4026 401 4097 ο5)
422 4025 508 4082 (trid.
527 4029 599 4083 Faat.
618 4029 667 4093 lll,
688 4030 744 4082 137.
763 4050 800 4101 aq.

363 4112 403 4185 ⁶⁰)
426 4115 580 4181 Tellurem,
603 4117 715 4186 Maiam,
737 4118 879 4179 Cererem,
906 4118 1013 4171 Vestam
1036 4115 1113 4170 variis
1130 4115 1285 4170 nominibus
1305 4137 1383 4171 unam

420 4205 496 4260 deam
520 4203 667 4276 significare
690 4206 855 4278 conspicitur
876 4206 1019 4278 ariptorunr
1037 4203 1119 4258 locis:
1154 4204 1241 4258 Varro
1259 4207 1291 4259 R.
1311 4208 1344 4260 R.
1362 4207 1384 4273 l,

415 4292 510 4366 Respa
530 4291 612 4348 Lae
629 4294 698 4364 Lyd.
714 4295 751 4350 de
768 4313 850 4350 mena.
865 4295 916 4360 '5³3
940 4295 1008 4366 Aug.
1026 4292 1085 4348 Cir.
1101 4292 1158 4348 bei
1175 4292 1237 4360 Vll,
1252 4294 1296 4348 24.
