3400 5042
822 517 895 615 12³

325 694 465 792 antiquis
487 695 687 770 orationibus
702 699 741 772 ²³)
764 693 827 758 bor
839 695 945 781 ipsum
959 692 999 755 de
1011 691 1248 768 laudationibus
1260 715 1387 758 earum·

326 819 389 883 que
411 795 568 860 similibus
590 796 790 859 orationibus
810 797 916 859 valere
939 795 971 857 in
993 806 1106 879 aperto
1129 805 1185 857 est.
1220 795 1332 881 ltaque
1354 805 1387 872 et
1415 845 1426 862 .

327 905 490 984 Augustus
505 899 646 963 Drusum
662 897 895 961 Germanicum
915 888 1104 959 defunctum
1121 895 1161 958 ita
1177 895 1328 973 laudavit,
1351 906 1387 958 ut

325 1009 474 1090 precatus
491 998 531 1062 sit
548 999 640 1062 deos:
663 998 811 1073 „Similes
829 1009 861 1060 et
873 995 1029 1061 Caesares
1041 1019 1116 1059 suos
1130 995 1288 1072 lacerent:
1311 997 1387 1061 sibi·

326 1121 389 1189 que
407 1110 478 1164 ‚lam
500 1098 677 1164 honestum
701 1099 898 1189 quandoque
921 1097 1041 1162 exitum
1064 1097 1192 1174 darent,
1220 1120 1317 1185 quoru
1340 1097 1385 1162 illi

326 1199 523 1284 dedissemus
547 1191 747 1268 etitemilius
760 1201 887 1274 Paulus,
909 1223 1011 1288 quum
1033 1212 1106 1262 ante
1128 1197 1285 1285 triumphi
1298 1199 1385 1264 diem

296 1302 298 1307 ’
326 1299 411 1366 sacta
436 1326 491 1366 sua
518 1304 765 1390 pro'concione
793 1302 1005 1378 memoraret,
1048 1301 1127 1365 deos
1154 1313 1302 1387 precatus
1328 1313 1384 1380 est,

326 1417 396 1482 sut,
429 1405 453 1468 si
478 1409 548 1493 quis
571 1429 685 1469 eorum
710 1405 870 1469 invideret
891 1403 1046 1489 operibus
1069 1414 1100 1466 et
1126 1403 1278 1466 fortunae
1301 1427 1386 1481 suae,

324 1507 357 1570 in
370 1507 476 1594 ipsum
489 1507 596 1595 potius
609 1507 777 1582 saevirent,
789 1529 888 1593 quam
901 1505 932 1574 in
945 1506 1202 1590 rempublicam«
1215 1511 1271 1584 ²⁶).
1284 1504 1385 1590 Quod

325 1632 403 1672 vero
427 1633 465 1673 ex
487 1608 537 1672 his
559 1608 729 1695 colligitur,
751 1609 898 1694 antiquas
921 1607 1083 1671 orationes
1100 1607 1386 1693 illaspropeacce·

326 1711 402 1774 dere
425 1710 464 1774 ad
487 1711 790 1798 comprecationum
812 1709 1053 1774 similitudinem
1076 1710 1203 1772 tumido
1226 1722 1258 1772 et
1273 1733 1387 1774 nume-

324 1834 401 1876 roso
424 1812 551 1886 dicendi
572 1836 701 1900 genere,
723 1813 810 1876 idem
833 1811 908 1874 inde
931 1811 1044 1888 elucet,
1064 1811 1153 1897 quod
1173 1813 1203 1874 in
1216 1813 1297 1875 sacri
1308 1813 1386 1891 juris

325 1914 485 1996 formulis,
496 1915 656 2006 ¹quidquid
669 1927 737 1978 erat
747 1913 786 1983 ,iis
804 1912 1009 2000 temporibus
1022 1913 1226 2002 eloquentiae
1238 1914 1386 1993 lorensis,

326 2015 483 2079 niteretur
504 2039 634 2081 necesse
655 2028 733 2079 erat.

407 2117 461 2181 Sic
482 2117 631 2182 videmus
653 2140 721 2181 non
743 2117 850 2180 solum
878 2116 964 2180 initia
987 2112 1019 2180 et
1040 2118 1148 2205 poesis
1171 2127 1202 2180 et
1230 2116 1385 2204 eloquen-

323 2220 385 2283 tiae
413 2219 500 2307 apud
527 2221 697 2283 Romanos
732 2219 845 2282 iisdem
884 2219 966 2282 vitae
1000 2219 1098 2283 civilis
1131 2218 1279 2283 institutis
1310 2221 1386 2284 acti-

324 2322 449 2410 busque
476 2332 650 2411 provocata
679 2343 748 2385 esse
777 2331 808 2384 et
834 2344 1006 2408 apparere,
1038 2320 1093 2384 sed
1123 2320 1221 2384 etiam
1247 2344 1265 2384 e
1287 2321 1385 2405 sacris

324 2423 421 2508 rebus
442 2424 527 2504 juris,
550 2422 665 2510 poesis,
689 2423 892 2512 eloquentiae
915 2422 1093 2510 primordia
1112 2422 1287 2510 repetenda
1300 2447 1384 2500 esse;

324 2525 355 2587 id
384 2525 473 2615 quod
506 2524 741 2612 comprobatur
772 2523 870 2587 etiam
902 2524 1076 2588 multifaria
1109 2525 1199 2588 verbi
1232 2526 1384 2590 carminis

323 2625 563 2712 significatione.
619 2627 847 2710 Quamobrem
880 2627 994 2713 primis
1031 2626 1226 2690 crediderim
1258 2638 1387 2714 tempo-

323 2729 412 2791 ribus
435 2751 502 2791 non
525 2727 665 2790 multum
687 2727 869 2791 interfuisse
892 2729 975 2791 inter
997 2731 1138 2792 carmina
1162 2740 1193 2791 et
1216 2732 1385 2808 orationes,

323 2831 440 2918 quibus
462 2830 519 2894 viri
550 2829 659 2918 inclyti
682 2830 835 2893 celebrari
865 2831 1027 2907 solebant,
1059 2854 1161 2919 quum
1184 2830 1217 2895 in
1240 2832 1384 2920 utrisque

322 2957 378 2996 seu
401 2931 539 2995 solutior
560 2932 612 2994 ille
642 2932 787 3017 poeticus
815 2957 971 2995 numerus
999 2956 1055 2996 seu
1084 2956 1258 2998 numerosa
1287 2935 1386 3021 pede-

321 3036 392 3100 stris
420 3035 523 3100 oratio
551 3034 677 3097 inesset.
739 3036 866 3115 Tamen
894 3058 995 3122 quum
1024 3036 1213 3122 quotidiano
1241 3060 1385 3101 necessa-

320 3139 435 3225 rioque
457 3137 490 3199 in
512 3136 676 3223 republica
699 3160 760 3200 usu
788 3137 906 3213 excoli,
939 3148 971 3201 et
996 3136 1125 3201 honore
1154 3162 1253 3225 quem
1279 3140 1385 3226 parie-

321 3242 376 3305 bat
403 3241 470 3326 ipsa
499 3238 540 3302 ali
567 3250 599 3303 et
624 3240 734 3326 augeri
769 3251 883 3329 coepta
918 3250 1002 3304 esset
1035 3240 1235 3327 eloquentia,
1265 3242 1384 3328 poesis,

321 3366 389 3424 non
412 3341 530 3424 eodem
544 3341 620 3435 'quo
643 3340 722 3422 haec
745 3341 778 3405 in
800 3343 898 3406 rebus
920 3341 1070 3427 gerendis
1093 3366 1171 3420 usu,
1203 3346 1324 3409 mansit
1351 3347 1384 3410 in

320 3444 537 3519 incrementis,
559 3443 600 3506 ad
622 3443 742 3508 florem
763 3467 831 3510 non
852 3445 1011 3530 pervenit.
1045 3445 1259 3529 Quinetiam,
1281 3471 1383 3534 quum

320 3545 472 3633 privatim
503 3567 574 3624 eam
604 3547 751 3610 excolere
780 3557 909 3610 externa
937 3545 1036 3623 bella,
1068 3547 1236 3611 intestinae
1263 3550 1385 3614 dissen-

320 3652 444 3727 siones,
482 3648 606 3712 etiamsi
636 3650 706 3735 quis
735 3648 904 3727 voluisset,
943 3671 1011 3712 non
1038 3673 1133 3736 passa
1160 3663 1282 3730 essent,
1314 3676 1383 3718 non

319 3756 385 3835 jam
409 3763 556 3838 repetere
578 3749 741 3836 placebat,
762 3751 960 3836 procedente
982 3751 1015 3814 in
1037 3752 1184 3816 civilibus
1206 3755 1303 3818 rebus
1324 3779 1385 3842 po-

319 3855 386 3941 puli
409 3847 540 3940 ingenio
562 3852 603 3916 ab
627 3853 760 3917 infantie
783 3852 822 3916 ad
846 3853 973 3918 virilem
985 3866 1135 3932 aetatem,
1157 3856 1288 3920 easdem
1299 3881 1384 3922 sem·

318 3980 380 4044 per
401 3949 555 4019 infantiae
577 3955 752 4021 cantilenas
779 3955 865 4042 lege,
896 3968 1068 4034 vetustate,
1100 3980 1194 4022 more
1220 3961 1383 4040 majorum

319 4059 465 4126 sancitas.
518 4057 572 4122 sic
599 4057 834 4144 posterioribus
866 4060 1073 4148 temporibus
1105 4083 1188 4149 quae
1217 4064 1384 4129 exstabant

363 4201 401 4270 ²⁵)
421 4201 492 4256 Gell.
509 4202 544 4267 X,
564 4204 604 4257 15.
623 4204 698 4268 Xlll‚
715 4205 759 4265 22,
777 4198 801 4252 l.

363 4287 400 4359 ²³)
419 4289 549 4362 Velleius.
567 4293 626 4348 Pu.
644 4292 662 4346 l.
681 4314 704 4349 c.
