3400 5042
321 728 424 814 magis
444 725 636 801 intellexisse
659 747 758 812 quarn
781 725 885 790 Salios
907 721 1038 812 antiqua
1066 736 1234 791 axamenta
1256 750 1312 790 sua
1329 733 1381 805 ¹²);

321 830 440 895 deinde
458 828 621 916 sequitur,
652 828 709 893 ubi
726 825 870 892 -verbum
897 839 949 892 ter
974 826 1206 914 repetitum'in
1225 826 1291 893 hoc
1312 838 1382 893 car-

322 933 410 997 mine
433 931 556 997 diverse
579 930 736 1017 scriptum
757 930 969 1008 inveniamus,
990 944 1068 994 eam‘
1086 930 1298 1022 scriptionem
1313 930 1383 995 ma-

322 1037 427 1116 jorem
448 1032 571 1096 habere
592 1031 693 1096 fidem
715 1031 1021 1119 auctoritatemque,
1048 1055 1132 1119 quae
1153 1033 1261 1113 initio,
1282 1055 1381 1121 quam

273 1156 277 1161 ’
324 1159 406 1224 quae
439 1134 472 1198 in
504 1133 569 1198 fine
601 1134 854 1221 uniuscujusque
886 1135 1054 1199 literarum
1084 1135 1175 1199 seriei
1207 1136 1240 1199 in
1272 1133 1402 1201 tabula·

323 1239 457 1324 legatur.
500 1235 611 1320 Quam
633 1235 768 1323 quidem
790 1231 851 1323 ego
873 1237 1034 1301 rationem
1056 1249 1183 1302 secutus
1195 1261 1232 1303 ea
1243 1251 1384 1303 tanturn-

323 1340 426 1404 modo
449 1338 549 1403 verba
570 1338 720 1403 carminis
742 1339 927 1415 retractavi,
959 1338 1145 1426 dequibus
1172 1341 1253 1406 mihi
1282 1341 1384 1405 disce-

325 1443 470 1507 dendum
493 1463 510 1505 a
533 1440 647 1505 ceteris
669 1439 832 1504 videbam.
861 1442 1135 1505 Demonstratum
1158 1455 1208 1506 est¹
1225 1444 1322 1530 igitur
1344 1445 1384 1507 ab

325 1545 412 1611 aliis:
444 1547 474 1608 E
494 1565 566 1607 esse
597 1541 810 1608 invocationis
841 1562 959 1606 vocem
991 1553 1027 1606 ut
1058 1543 1091 1606 in
1111 1545 1256 1631 Equirria
1286 1549 1384 1627 Iis'uno

325 1650 455 1712 Ecastor
475 1647 610 1721 Eceres,
642 1649 742 1708 lueroc
767 1666 828 1732 pro
857 1650 998 1724 luerrem,
1030 1651 1157 1724 luerem,
1192 1655 1270 1713 luem
1295 1648 1383 1734 posi-

326 1763 397 1814 tum
416 1753 466 1829 ¹³).
510 1744 681 1832 Duplicata
704 1769 782 1810 vero
805 1745 919 1810 Martis
947 1747 1090 1812 nominis
1118 1749 1225 1814 forma
1247 1755 1387 1816 Marmar

326 1851 474 1934 ejusdem
496 1849 622 1938 generis
645 1871 714 1912 esse
737 1849 866 1913 videtur
887 1861 983 1937 atque
1005 1850 1092 1914 Osca
1115 1851 1222 1938 lingua
1240 1857 1386 1918 ltin-mers

326 1955 361 2019 h.
383 1978 411 2018 e.
432 1957 628 2017 Mars-mars
651 1950 770 2034 (Paull.
794 1974 822 2015 v.
845 1951 1033 2016 Mamercus
1051 1976 1080 2016 v.
1094 1953 1245 2018 Mamers
1255 1978 1287 2041 p.
1302 1958 1386 2034 131).

328 2055 432 2122 Simili
454 2077 533 2118 vero
555 2052 680 2118 ratione
701 2054 754 2116 vix
776 2053 924 2131 dubium,
946 2053 1025 2140 quin
1046 2059 1168 2120 Mavors
1189 2056 1389 2121 concreverit

327 2185 344 2222 e
367 2158 493 2222 duabus
514 2155 659 2243 partibus
682 2159 839 2219 Mars-vir
869 2178 928 2218 seu
950 2175 1015 2233 cer,
1055 2177 1157 2242 quum
1185 2157 1386 2222 et'nurninis

329 2271 480 2324 naturam
500 2256 582 2322 haec
603 2256 777 2347 appellatio
800 2269 947 2320 accurate
968 2260 1079 2343 tangat
1100 2264 1277 2341 (mas-mas,
1309 2286 1389 2325 mas

328 2367 402 2442 ver),
425 2373 457 2426 ct
477 2387 508 2425 rs
530 2383 591 2447 pro
614 2388 630 2425 r
651 2363 787 2424 omnino
809 2369 952 2423 vetustae
974 2359 1102 2445 linguae
1120 2362 1252 2426 Latinae
1274 2365 1389 2443 ut,Ta-

329 2464 482 2529 hularurn
497 2462 744 2548 Eugubinarum
767 2461 909 2525 sermoni
931 2462 1102 2548 proprium
1119 2462 1216 2528 luisse
1233 2463 1391 2544 videatur,

330 2579 362 2631 et
384 2565 517 2631 nomina
535 2570 711 2642 Gru-dirus,
731 2569 919 2641 Ilien-nerva,
940 2568 1083 2642 Femur,
1104 2571 1260 2651 Krec-puri
1271 2568 1390 2631 similes

329 2692 408 2756 prae
429 2692 463 2732 se
485 2667 591 2731 lerant
613 2667 763 2754 origines.
1305 2679 1309 2684 ’

415 2779 442 2835 l.
484 2774 566 2847 Sirs,
597 2795 672 2834 serr.
716 2769 882 2856 Scriptum
910 2779 961 2833 est
985 2771 1018 2832 in
1046 2769 1153 2856 prima
1185 2771 1390 2836 invocatione

330 2882 411 2952 sins,
438 2873 472 2937 in
494 2873 592 2936 altera
614 2871 799 2935 mutilatum
822 2881 870 2934 est
895 2871 1035 2934 verbum
1062 2871 1167 2937 fracto
1193 2873 1310 2961 lapide.
1349 2878 1393 2937 At

332 2977 441 3064 primo
464 2975 538 3040 loco
572 2973 768 3060 scalptorem
803 2985 968 3037 errantem
999 2979 1095 3038 sinsin
1116 2989 1178 3061 pro
1200 3000 1267 3040 uno
1288 2976 1391 3040 verbo

333 3077 494 3156 habuisse,
516 3076 591 3139 inde
614 3075 782 3162 colligitur,
804 3075 894 3163 quod
916 3074 1005 3138 hunc
1027 3076 1059 3138 in
1081 3077 1221 3142 modum
1238 3081 1394 3166 scriptum

333 3205 350 3246 a
377 3177 523 3267 sequenti
556 3201 686 3243 currere
717 3189 841 3264 puncto
874 3177 1035 3259 disjunxit.
1089 3177 1214 3244 Contra
1240 3180 1274 3244 in
1299 3181 1393 3244 tertia

334 3282 479 3364 ejusdem
501 3303 613 3345 versus
631 3279 825 3367 repetitione
837 3280 1017 3368 perspicuis
1027 3281 1181 3369 justisque
1192 3281 1292 3346 literis
1304 3282 1395 3346 initio

335 3383 517 3467 ejusaeriei
538 3382 695 3470 scriptum
717 3382 833 3470 legitur
853 3406 933 3461 scrs,
959 3383 1046 3448 unde
1068 3395 1158 3470 patet
1178 3384 1305 3449 literam
1327 3411 1343 3449 r
1363 3383 1396 3448 in

384 3689 421 3762 ¹²)
438 3693 524 3747 Recte
542 3690 675 3746 Marinius
695 3689 733 3745 ita
755 3688 888 3747 existimat
910 3690 944 3744 ll.
964 3710 994 3763 p.
1011 3691 1075 3745 524.
1106 3690 1210 3748 Contra
1227 3692 1354 3748 Clausen.
1372 3714 1398 3768 p.

437 3781 471 3834 Ἡ
490 3793 589 3837 temere
611 3799 669 3835 non
692 3779 810 3842 dubitat,
836 3777 902 3852 quin
924 3779 993 3834 bene
1017 3779 1182 3836 intellectum
1201 3782 1238 3837 sit
1260 3803 1399 3838 carmena
1445 3783 1447 3787 ’

440 3869 579 3942 scalptore.
607 3866 723 3922 Carmen
741 3879 880 3940 praeterea
897 3866 992 3939 legitur
1010 3888 1052 3940 ap.
1069 3868 1156 3923 Lunai
1166 3869 1262 3942 Saggio
1273 3871 1300 3925 di
1309 3869 1399 3943 lingua

439 3958 551 4011 Etrusca
569 3955 590 4008 l.
606 3975 632 4029 p.
642 3955 700 4009 144.
719 3956 812 4010 Herm.
830 3953 915 4010 Elem.
932 3955 1028 4010 Doctr.
1038 3968 1113 4022 metr.
1122 3977 1148 4030 p.
1158 3958 1217 4013 61³.
1238 3958 1400 4014 Grotesend.

440 4045 497 4099 Lat.
510 4043 626 4098 Graium.
637 4063 663 4115 p.
672 4043 723 4098 286
733 4041 790 4112 (ed.
800 4040 840 4112 3).
860 4041 955 4114 Egger.
964 4043 1021 4098 Lat.
1032 4064 1106 4100 serm.
1116 4058 1204 4102 vetust
1218 4047 1349 4120 velpe&
1359 4067 1398 4119 sq.

386 4149 422 4221 ¹³)
441 4151 566 4207 Clausen.
583 4171 610 4224 p.
626 4152 662 4206 23
685 4171 767 4224 epto
788 4149 830 4204 eh.
848 4150 934 4204 Plnut.
955 4150 1041 4207 Poen.
1062 4155 1098 4218 ll,
1115 4155 1157 4209 22³.
1192 4156 1265 4211 Idem
1284 4155 1403 4210 animad-

440 4243 523 4296 vertit
539 4259 608 4293 neve
627 4239 718 4293 luerve
736 4237 908 4310 pronunciari
924 4237 978 4294 hoc
995 4240 1057 4297 loco
1072 4241 1192 4300 similiter
1202 4256 1281 4317 atque
1292 4264 1333 4318 ap.
1344 4241 1400 4298 Cic.

442 4329 505 4383 Div.
523 4329 557 4394 ll,
575 4328 617 4391 40,
634 4327 669 4382 84
687 4347 749 4382 care
767 4345 802 4381 ne
821 4345 864 4380 ees
881 4333 1002 4389 sonuerit
1020 4351 1141 4388 moneas.
