3400 5042
843 481 901 574 3⁶.

338 657 437 723 armis
460 680 555 744 agere
577 657 762 736 assuefacti,
784 658 881 745 etiarn
904 658 945 722 ad
968 657 1043 722 belli
1067 681 1168 746 opera
1189 659 1329 726 vernalis
1349 659 1402 740 dei

337 761 525 827 facultatem
546 761 789 839 transtulerunt,
811 760 906 848 eique
929 773 1077 825 cruentas
1105 761 1263 846 primitias
1290 785 1403 828 conse·

337 887 428 929 crare
450 875 643 950 coeperunt,
665 863 770 928 donec
792 887 809 928 a
833 863 1004 950 Pelasgicis
1025 863 1225 944 nationibus,
1246 876 1401 951 utsupra

338 966 492 1044 vidimus,
513 965 677 1030 mitiorem
699 965 892 1052 religionem
914 965 1108 1051 acciperent.
1153 968 1222 1031 Hac
1244 966 1285 1031 de
1307 990 1402 1030 causa

338 1067 447 1133 mirari
470 1090 538 1132 non
560 1091 734 1156 possumus
756 1067 842 1154 apud
866 1069 1037 1133 Romanos
1064 1070 1097 1134 in
1126 1068 1218 1134 bellis
1239 1069 1402 1134 continuis

338 1182 490 1248 versatos,
512 1172 629 1259 quibus
651 1171 758 1234 solum
779 1182 886 1235 aratro
910 1170 1084 1236 colendum
1107 1171 1282 1258 quotannis
1304 1172 1402 1236 armis

338 1286 422 1338 esset
443 1273 484 1337 ab
507 1271 654 1337 hostibus
676 1272 923 1351 vindicandum,
956 1274 1105 1338 bellicam
1133 1273 1184 1338 dei
1213 1274 1400 1340 facultatem

337 1377 566 1465 rationemque
588 1375 629 1439 ita
652 1374 867 1463 praevaluisse
890 1379 1009 1440 sensim
1032 1388 1068 1440 ut
1089 1388 1121 1440 et
1142 1388 1258 1463 poetae
1281 1388 1313 1440 et
1327 1377 1401 1443 arti-

337 1478 414 1544 fices
436 1478 622 1542 Mavortem
643 1478 712 1541 lere
739 1501 870 1563 semper
896 1478 1065 1542 turbidum
1093 1478 1283 1567 sublataque
1310 1478 1402 1545 hasta

338 1581 372 1644 in
394 1603 537 1668 pugnam
560 1591 710 1644 ruentem
733 1579 894 1666 lingerent
910 1587 958 1659 61).
1002 1579 1091 1664 Quid
1109 1582 1229 1645 mirum
1252 1582 1403 1668 denique,

338 1683 428 1770 quod
449 1682 590 1769 populus
607 1683 785 1760 Romanus,
807 1683 916 1768 legum
939 1683 1091 1747 inventor
1112 1696 1144 1746 et
1166 1683 1276 1769 opifex
1298 1683 1404 1770 quod·

337 1785 495 1849 ammodo
534 1786 710 1849 acerrimus
739 1785 835 1848 etiam
871 1785 992 1848 forensi
1026 1785 1134 1848 studio
1167 1786 1403 1872 certaminique
1509 1782 1516 1790 ’

337 1889 480 1953 Martem
503 1899 762 1974 praeposuerunt
785 1888 954 1951 sorensem
970 1891 1029 1968 ⁶²)?
1061 1888 1111 1951 Ad
1134 1887 1214 1951 ltaec
1237 1910 1315 1951 reso
1332 1910 1404 1974 per·

336 1989 549 2077 pendendum
562 2001 594 2053 et
605 2001 697 2053 caute
709 1989 954 2076 segregandum,
971 2001 1260 2076 quantumcunque
1272 2013 1290 2054 a
1303 1990 1404 2055 Grae-

338 2115 453 2156 corum
476 2095 541 2156 Are
563 2103 679 2177 poetae
702 2091 844 2155 Romani
868 2091 909 2155 ad
931 2093 1074 2156 Martem
1098 2091 1244 2156 Italicum
1266 2104 1405 2157 transtu·
1499 2083 1502 2087 ¹

339 2195 455 2279 lerunt.

420 2298 691 2360 Demonstratum
714 2318 792 2382 ergo
816 2295 944 2358 videtur
965 2297 1053 2383 quod
1082 2298 1288 2385 propositum
1321 2309 1403 2361 erat:

339 2399 472 2465 Gradivi
490 2421 675 2484 cognomen
692 2398 799 2486 ipsum
819 2421 881 2486 pro
899 2398 1096 2486 etymologia
1112 2399 1202 2464 verbi
1221 2399 1404 2487 exprimere

339 2502 390 2567 dei
403 2514 569 2579 naturam,
591 2500 690 2590 qualis
708 2525 725 2563 e
739 2501 854 2588 priscis
870 2501 1199 2588 comprecationibus,
1221 2502 1404 2587 inscriptio·

338 2605 444 2684 nibus,
466 2603 588 2682 ritibus,
599 2601 782 2690 fabulisque
795 2604 891 2668 sacris
913 2615 1142 2690 cognoscatur,
1164 2616 1337 2690 agrestem,
1357 2604 1406 2668 in·

338 2731 451 2794 quam,
483 2717 515 2770 et
536 2705 713 2770 vernalem.
757 2705 826 2769 Nec
855 2729 908 2768 me
936 2729 1059 2770 errasse
1088 2706 1121 2770 in
1148 2707 1282 2794 singulis
1310 2730 1403 2792 argu-

338 2809 601 2885 mentationibus,
623 2806 677 2870 hic
690 2807 759 2893 ipse
777 2831 952 2873 consensus
965 2808 1096 2872 firmum
1109 2821 1158 2873 est
1169 2809 1403 2877 testimonium.

352 2977 356 2983 ,
419 2913 496 2975 Jarn
520 2911 615 2996 igitur
642 2911 739 2974 ceteri
768 2910 810 2972 dii
834 2935 851 2974 a
874 2910 967 2974 Saliis
996 2912 1151 2989 invocati,
1183 2934 1326 2998 quorum
1353 2934 1404 2973 so·

338 3013 457 3078 lemnia
480 3013 601 3076 Martio
635 3036 746 3076 ntense
780 3013 1044 3092 celebrabantur,
1076 3015 1167 3080 brevi
1195 3014 1404 3078 consideran-

338 3116 433 3194 dum,
466 3116 636 3203 quomodo
659 3140 735 3178 cum
764 3115 911 3203 principe
934 3115 989 3178 illo
1013 3116 1075 3179 deo
1100 3119 1328 3182 Romanorum
1350 3140 1404 3180 co-

338 3216 504 3281 haereant.
762 3231 763 3237 ’

422 3321 570 3384 Primum
601 3322 745 3384 Junonis
777 3320 971 3384 Matronalia
994 3321 1073 3406 quid
1096 3321 1146 3398 sit,
1174 3321 1262 3408 qnod
1292 3322 1401 3408 primo

338 3422 530 3485 anciliorum
552 3422 604 3486 die
627 3423 785 3486 celebrata
809 3423 881 3501 sint,
903 3446 1005 3509 quum
1018 3425 1084 3503 jam
1099 3447 1139 3487 ex
1158 3425 1194 3487 iis
1212 3446 1295 3510 quae
1307 3447 1404 3510 supra

339 3523 423 3587 dicta
451 3535 525 3588 sunt
552 3537 721 3612 appareat,
743 3525 876 3604 accedit,
898 3527 987 3612 quod
1010 3527 1096 3614 apud
1120 3527 1261 3592 Sabinos
1284 3527 1403 3590 eodem

382 3803 419 3874 ⁶¹)
444 3805 525 3862 Tales
543 3805 639 3862 Martis
657 3804 757 3877 effigies
770 3806 805 3864 ,in
823 3807 936 3863 nummis
956 3820 983 3864 et
1000 3808 1131 3882 lapidibus
1151 3807 1309 3882 quibusdam
1323 3807 1405 3880 inspi-

441 3915 501 3950 cere
519 3894 583 3949 licet
601 3915 667 3967 quos
686 3895 789 3966 profert
809 3895 933 3951 Gutberl.
951 3917 978 3968 p.
999 3897 1107 3952 18-20.

384 3978 421 4050 ⁸²)
444 3981 518 4038 Serv.
538 3982 571 4037 ad
591 3983 664 4054 Virg.
680 3983 748 4037 Aen.
768 3983 842 4049 Vlll,
859 3985 884 4038 3.
902 3983 1067 4058 Hanungius
1081 3985 1190 4056 agnovit
1204 3985 1405 4058 quidemagre-

441 4082 506 4124 stem
525 4071 621 4126 Martis
639 4083 768 4136 naturam,
787 4084 814 4125 at
832 4091 890 4126 non
909 4073 1102 4128 demonstrarit
1120 4093 1171 4145 qua
1189 4075 1296 4128 ratione
1310 4072 1339 4126 in
1348 4071 1405 4125 bel-

440 4156 518 4212 licum
536 4179 637 4213 numen
654 4171 754 4214 mutata
772 4160 815 4222 sit,
832 4179 883 4232 pro
902 4160 1011 4232 ingenio
1021 4163 1201 4216 Romanorum
1215 4158 1404 4235 progrediente

440 4245 527 4300 avita
544 4248 639 4318 agresti
657 4249 685 4302 iu
703 4247 838 4302 civitatem
855 4245 985 4303 bellicam.
1152 4246 1155 4250 Χ
