3400 5042
819 528 893 600 190

329 703 466 768 modurn
488 704 682 782 jactarentur
698 703 729 766 in
746 714 812 766 tota
826 703 963 767 Graecia
977 704 1115 790 Asiaque
1132 704 1268 780 minore,
1290 703 1390 768 etiam

329 806 501 890 religiones
523 804 715 891 fabulaeque
738 829 845 868 sacrae
867 829 979 869 earum
1002 818 1067 869 tarn
1089 807 1175 870 varie
1191 806 1340 868 connecti
1358 817 1391 867 et

330 907 487 970 conlundi
510 918 644 991 coeptae
666 919 748 981 sunt,
770 921 928 983 utnovae,
949 909 1171 985 versicolores,
1193 906 1390 971 multifariae

331 1011 406 1073 inde
439 1009 565 1071 illarum
599 1008 722 1093 species
759 1009 952 1096 formaeque
990 1021 1244 1074 concrescerent.
1298 1010 1389 1072 Tum

329 1113 424 1196 igitur
457 1120 566 1173 coorta
600 1120 648 1172 est
679 1110 799 1173 familia
833 1111 1073 1198 conciliumque
1104 1113 1242 1175 deorum
1271 1108 1389 1198 Olym-

328 1214 478 1299 picorum
501 1235 538 1274 ac
559 1223 625 1273 tota
649 1211 851 1296 Theogonia,
874 1225 905 1275 et
927 1214 1083 1299 quoniam
1105 1214 1208 1276 esuis
1229 1213 1388 1297 indigenis

328 1315 387 1377 diis
404 1335 616 1399 unaquaeque
633 1335 710 1397 gens
727 1314 861 1398 stirpem
880 1327 1026 1400 repetere
1044 1326 1266 1389 consueverat,
1287 1315 1386 1377 etiam

327 1415 466 1479 heroum
489 1413 624 1500 catalogi
645 1415 900 1503 genelogiaeque
922 1414 1078 1480 confictae
1095 1428 1178 1480 sunt.
1212 1417 1300 1480 Haec
1317 1427 1388 1479 erat

326 1529 412 1581 aetas
433 1515 600 1602 popularis
622 1515 825 1579 Graecorum
848 1518 975 1603 ingenii,
1003 1541 1076 1605 qua,
1098 1518 1226 1602 regibus
1248 1539 1387 1584 munere

326 1630 455 1706 patrum
483 1615 620 1680 familias
653 1617 876 1703 fungentibus,
907 1620 1072 1704 republica
1100 1643 1167 1683 non
1196 1621 1261 1698 iam
1290 1619 1386 1680 certis

326 1720 450 1805 legibus
472 1718 726 1803 circumscripta,
760 1720 897 1782 esacris
926 1721 1091 1784 cantilenis
1119 1721 1158 1784 ad
1186 1733 1287 1783 certas
1315 1743 1386 1782 aras

325 1842 502 1911 earumque
523 1820 695 1905 religiones
717 1820 873 1884 adstrictis
896 1819 1043 1907 Orphica
1068 1820 1211 1885 carmina
1233 1821 1386 1884 liberiora

325 1945 363 1987 ac
384 1921 570 1985 sublimiora
593 1931 763 2008 totumque
786 1919 987 2008 hymnorum
1010 1945 1111 2008 genus
1133 1924 1279 2009 prodire,
1306 1944 1386 1985 mox

326 2024 414 2109 epica
437 2023 545 2108 poesis
569 2021 742 2085 Homerica
764 2044 970 2107 procrescere
993 2049 1029 2088 ac
1051 2025 1171 2088 llorere
1193 2024 1309 2110 coepit.

408 2124 495 2188 'l'alis
527 2145 602 2186 sane
636 2134 721 2186 aetas
748 2126 788 2187 ab
817 2125 994 2209 originibus
1025 2127 1180 2190 historiae
1213 2125 1386 2187 Romanae

325 2227 420 2313 plane
442 2227 542 2289 abest.
587 2225 671 2286 Nam
694 2248 796 2310 quum
818 2226 916 2288 trium
935 2225 1135 2311 populorum
1153 2225 1216 2300 jam
1236 2225 1385 2288 civilibus

326 2328 488 2414 sacrisque
520 2325 670 2388 institutis
699 2325 887 2390 florentium
916 2327 1051 2390 coloniis
1080 2330 1111 2389 in
1142 2351 1244 2390 unum
1271 2327 1384 2390 locum

325 2428 539 2515 congregatis,
577 2449 644 2490 non
671 2438 738 2490 tam
767 2440 905 2492 exstaret
938 2430 1122 2491 communis
1148 2430 1255 2514 stirpis
1283 2453 1383 2515 quarn

325 2530 466 2594 utilitatis
501 2528 648 2614 publicae
680 2529 846 2592 vinculum
875 2552 941 2616 quo
973 2530 1235 2607 continebantur,
1273 2532 1385 2594 civitas

325 2631 415 2696 urbis
439 2633 581 2706 Rornae,
615 2652 681 2693 non
713 2652 792 2716 gens
823 2632 974 2694 Romana
1001 2632 1126 2695 exstitit.
1170 2633 1255 2717 Lege
1277 2632 1387 2716 igitur,

325 2745 423 2819 prout
445 2732 562 2795 utilitas
584 2731 637 2794 illa
660 2755 794 2818 poscere
816 2733 995 2810 videretur,
1021 2733 1230 2818 religionibus
1252 2733 1385 2819 publice

325 2836 466 2911 sancitis,
498 2835 568 2917 lege
589 2834 655 2913 jam
684 2834 905 2897 vetustissimis
934 2836 1136 2920 temporibus
1164 2836 1260 2898 sacris
1282 2836 1384 2898 canti-

323 2937 404 3000 lenis
426 2947 560 3021 anguste
582 2946 614 2998 et
635 2935 855 3021 superstitiose
877 2937 1140 3022 circumscriptis,
1167 2961 1227 3004 nec
1247 2936 1385 3024 mythus
1417 2935 1419 2938 ’

323 3037 458 3102 liberam
479 3035 621 3123 fingendi
643 3036 710 3099 vim
732 3035 854 3101 habere
871 3049 1009 3124 poterat,
1030 3060 1136 3124 neque
1154 3062 1216 3101 una
1232 3063 1307 3102 curn
1320 3038 1384 3103 hac

324 3163 341 3204 e
364 3141 460 3204 sacris
483 3138 612 3202 canticis
633 3138 766 3202 liberior
787 3139 876 3225 epica
899 3139 1006 3225 poesis
1024 3163 1057 3203 se
1077 3139 1227 3225 expedire
1244 3139 1384 3209 valebat.

408 3240 637 3325 Quamobrem
663 3240 742 3303 nihil
773 3239 910 3304 efficitur
942 3242 1185 3326 comparatione
1213 3241 1383 3305 Homerici

322 3340 474 3406 carminis
496 3365 570 3405 curn
598 3342 695 3406 rebus
723 3344 964 3416 Romanorurm
997 3367 1074 3406 narn
1102 3342 1238 3406 omnino
1262 3342 1383 3406 Graeci

321 3444 363 3509 ab
385 3444 503 3508 artium
524 3444 765 3530 pulchritudine
787 3443 891 3528 legem
908 3445 1112 3532 modumque
1124 3467 1233 3508 rerum
1246 3467 1384 3531 quaere·
1433 3462 1436 3468 ’

321 3544 408 3623 bant,
429 3545 571 3608 Romani
593 3547 695 3632 ipsam
719 3546 838 3609 artium
859 3545 1137 3633 pulchritudinem
1155 3545 1225 3630 lege
1244 3546 1276 3609 in
1290 3568 1383 3609 com-

320 3645 459 3710 modum
481 3670 593 3711 rerum
614 3659 741 3712 vertere
763 3647 925 3726 volebant,
947 3649 1032 3711 unde
1045 3648 1085 3711 ab
1099 3646 1159 3710 illis
1176 3648 1282 3731 legem
1294 3647 1383 3726 artis,

319 3747 361 3812 ab
383 3747 434 3812 his
454 3759 557 3813 artem
579 3748 657 3836 legis
678 3750 875 3836 accepimus.

403 3852 454 3913 An
477 3873 555 3915 vero
578 3851 756 3939 quidquam
779 3851 864 3914 valet
885 3849 947 3914 hac
968 3851 1000 3913 in
1017 3874 1051 3914 re
1070 3850 1257 3936 exemplum
1277 3847 1383 3913 Grae-

317 3972 432 4016 corum
453 3952 671 4017 recentiorum
697 3952 909 4016 adhibitum?
945 3951 1077 4015 Etenim
1104 3951 1158 4013 ubi
1185 3973 1264 4035 gens
1286 3954 1381 4014 omni

316 4051 394 4132 juris
416 4053 589 4142 legumque
612 4053 775 4140 praesidio
797 4053 933 4140 spoliata
960 4053 1061 4138 surgit
1087 4052 1240 4116 adversus
1267 4064 1382 4138 tyran-

317 4152 402 4217 nidis
423 4154 660 4242 stipendiarios,
680 4165 751 4217 turn
774 4165 885 4218 renata
907 4153 1035 4217 videtur
1051 4153 1191 4217 heroum
1214 4153 1267 4217 illa
1290 4165 1380 4218 aetas

316 4273 381 4340 qua
403 4254 588 4334 inanimis,
624 4254 791 4334 manibus,
826 4255 1039 4320 mucronibus
1066 4254 1203 4320 tortium
1231 4255 1381 4320 virorum
