3400 5042
787 529 862 604 168

291 705 458 788 conjectus
481 715 527 770 est
544 709 595 783 ¹¹),
626 703 679 769 ille
702 702 895 790 Scipionum
917 715 950 769 et
970 703 1159 770 Fulviorum
1183 705 1267 772 iacta
1289 706 1355 772 cla-

291 806 415 872 rissima
443 805 538 871 laude
566 805 753 884 celebravit,
792 805 845 871 hic
873 805 1034 871 continuis
1069 806 1190 872 facetiis
1218 807 1355 872 maledi-

292 907 414 995 ctisque
435 907 570 972 eosdem
593 907 737 982 vexavit;
769 908 894 973 Ennius
922 907 998 972 civis
1028 909 1198 972 Romanus
1224 910 1353 974 Romae

291 1020 440 1075 mortuus
461 1020 523 1087 est,
555 1007 697 1074 Naevius
719 1009 808 1074 exsul
832 1010 944 1075 Uticae
973 1008 1110 1074 decessit
1126 1014 1178 1088 Ι’>;
1210 1010 1354 1075 Naevius

293 1109 434 1200 denique
456 1109 606 1198 populari
629 1110 779 1175 utebatur
801 1110 955 1176 Saturnio
979 1121 1097 1188 metro,
1124 1110 1259 1189 Ennius,
1281 1134 1355 1177 eru-

293 1211 437 1277 ditorum
449 1210 608 1276 nobilium
622 1211 726 1297 gustui
739 1223 774 1277 ut
784 1212 993 1290 satisfaceret,
1011 1210 1140 1278 Graeco
1152 1209 1354 1278 hexametro.

377 1315 446 1380 Hac
468 1313 603 1378 demum
624 1315 748 1378 ratione
771 1311 941 1379 Ciceronis
964 1315 997 1378 in
1009 1315 1112 1378 Bruto
1134 1312 1245 1379 locum
1266 1325 1355 1385 recte
1394 1382 1397 1386 ,
1492 1342 1495 1346 “

292 1415 513 1500 intelligimus,
546 1437 612 1503 quo
641 1438 682 1478 ne
708 1414 871 1479 tantillum
899 1414 1033 1503 quidem
1061 1415 1101 1478 de
1127 1415 1226 1502 epicis
1247 1416 1354 1503 poetis

292 1516 343 1580 vel
365 1516 537 1603 rhapsodis
559 1516 718 1581 Romanis
740 1517 918 1602 cogitatum
940 1528 997 1580 est.

376 1621 606 1705 Praeterquam
629 1641 722 1695 vero,
755 1619 845 1706 quod
869 1619 956 1683 nulla
979 1618 1038 1682 alia
1067 1630 1255 1704 argumenta
1278 1620 1354 1684 Nie-

292 1720 428 1786 buhrius
450 1733 482 1784 et
504 1720 660 1784 Krausius
682 1721 722 1784 ad
751 1744 844 1784 suam
872 1721 1065 1786 sententiam
1087 1721 1283 1784 firmandam
1305 1723 1353 1786 al-

290 1823 414 1900 ferunt,
445 1822 554 1886 lacere
582 1846 649 1886 non
678 1834 827 1910 possunt,
859 1824 937 1909 quin
965 1847 1026 1910 pro
1055 1823 1108 1888 illa
1130 1824 1276 1902 Ennium
1298 1836 1354 1888 aut

290 1925 444 1989 ridiculae
466 1910 628 2002 vanitatis,
660 1936 714 1988 aut
735 1923 927 1989 inhonestae
948 1925 1072 1989 fraudis
1100 1937 1244 2011 arguant.
1286 1931 1353 1991 Aut

292 2030 381 2096 enim
413 2027 571 2113 expressit
602 2039 699 2115 poeta
732 2027 874 2091 carmina
907 2027 1078 2114 popularia
1109 2028 1260 2116 antiqua,
1297 2041 1354 2093 aut

291 2130 486 2218 popularem
527 2131 758 2194 Romanorum
794 2130 910 2216 poesin
949 2129 1104 2215 neglexit,
1146 2130 1352 2217 contempsit,

293 2232 474 2319 oppressit;
518 2242 551 2295 at
580 2231 725 2317 primum
765 2232 950 2317 priscorum
981 2243 1153 2318 poetarum
1184 2231 1253 2296 vim
1284 2244 1353 2298 arte

293 2333 502 2421 expressisse,
534 2333 651 2398 deinde
674 2345 777 2397 artem
805 2333 835 2396 vi
865 2332 1064 2420 oppressisse
1095 2333 1257 2413 Ennium,
1297 2347 1354 2400 aut

292 2436 439 2501 moribus
461 2435 658 2522 ingenioque
681 2436 762 2515 ejus,
789 2447 844 2500 aut
866 2435 968 2500 menti
990 2457 1028 2500 ac
1049 2434 1166 2502 rationi
1188 2436 1351 2502 maculam

292 2539 456 2627 adspergit
487 2538 537 2602 vel
570 2537 711 2602 maxime
743 2537 942 2602 indecoram.
1004 2537 1143 2603 Minime
1174 2561 1254 2603 vero
1286 2537 1352 2605 hoc

292 2641 378 2706 cadit
399 2642 432 2705 in
454 2651 602 2727 poetam,
626 2640 716 2720 cujus
738 2638 1008 2704 consuetudinem
1031 2639 1352 2729 familiaritatemque

292 2743 461 2829 Scipiones
489 2752 521 2806 et
548 2740 692 2805 Catones
718 2741 932 2828 quaerebant,
965 2742 1099 2828 ejusque
1125 2741 1292 2828 ingenium
1313 2743 1353 2808 L.

291 2844 402 2909 Aelius
424 2843 506 2909 Stilo
527 2842 578 2908 his
602 2842 747 2908 versibus
770 2843 810 2908 ab
833 2842 905 2930 ipso
932 2843 1123 2931 compositis
1151 2843 1352 2932 descriptum

291 2946 495 3034 recognovit:

393 3047 594 3133 »ingenium
616 3048 666 3112 cui
688 3047 777 3115 nulla
799 3047 924 3112 malum
945 3047 1104 3113 sententia
1126 3047 1250 3127 suadet,

393 3153 441 3215 Ut
456 3150 578 3229 iaceret
595 3149 733 3226 larinum
755 3150 842 3229 levis,
863 3149 952 3214 haud
964 3150 1078 3228 malus,
1100 3151 1225 3228 doctus,
1246 3150 1352 3217 fidelis
1396 3194 1399 3201 ·

394 3253 507 3318 Suavis
528 3251 643 3330 homo,
666 3251 835 3330 facundus,
857 3276 915 3317 suo
938 3264 1119 3331 contentus,
1146 3253 1259 3317 beatus
1277 3255 1351 3338 ¹⁸),u

292 3382 367 3422 cum
390 3356 509 3443 quibus
531 3355 706 3433 consentit,
729 3355 817 3442 quod
840 3357 909 3441 ipse
932 3355 973 3419 de
995 3378 1029 3419 se
1052 3355 1178 3420 Ennius
1200 3357 1329 3421 cecinit:

674 3459 823 3522 ····qu
845 3457 975 3544 ingenio
998 3460 1091 3523 natus
1112 3480 1202 3522 sum:

457 3559 643 3624 Amicitiam
665 3570 762 3646 atque
784 3560 987 3625 inimicitiam
1014 3561 1064 3642 (in
1085 3560 1213 3641 fronte)
1239 3584 1353 3648 prom-

927 3674 1018 3749 ptam
1040 3685 1140 3748 gero«
1157 3668 1205 3742 ¹⁴).

325 3785 374 3855 ¹¹¹)
394 3786 465 3840 Gell.
485 3788 518 3842 N.
538 3790 569 3841 Α.
587 3787 634 3854 ΙΙΙ,
652 3788 677 3853 3,
696 3788 736 3842 15.
764 3787 806 3842 cf.
824 3789 856 3842 E·
875 3787 1039 3843 Klusamann
1063 3785 1114 3842 Cn.
1132 3787 1228 3844 Naevii
1245 3790 1309 3846 Vita
1326 3804 1354 3848 et

394 3875 499 3950 Reliqq.
518 3877 601 3932 deser.
621 3877 934 3950 etad.Jena18‹l3.p.
954 3875 994 3930 19.
1013 3897 1052 3948 sq.

337 3960 373 4032 ¹²)
393 3964 465 4018 Gall.
476 3965 509 4018 N.
522 3965 553 4018 Α.
564 3967 610 4026 lll,
627 3966 652 4042 3,
670 3966 716 4030 153
733 3964 804 4019 idern
828 3965 876 4028 Vl,
894 3965 919 4028 8,
937 3966 961 4018 5.
980 3965 1013 4020 cf.
1034 3962 1194 4037 Hieronym.
1213 3966 1242 4020 iu
1252 3967 1351 4022 Euseb.

394 4045 568 4101 Chron.>Ol.
594 4049 651 4100 lto.
697 4047 824 4102 Ceterum
851 4067 910 4102 curn
937 4047 1119 4102 Klussmanno
1146 4048 1276 4103 Naevium
1299 4051 1352 4103 550

393 4141 526 4183 mortuum
544 4149 599 4184 esse
618 4149 723 4186 censeo.

337 4213 373 4282 ¹³)
393 4216 464 4271 ceu.
483 4217 518 4271 Ν.
538 4219 569 4270 x.
588 4218 691 4285 x11,c

338 4300 373 4371 ¹⁴)
394 4304 465 4360 cerr.
483 4306 517 4360 Ν.
536 4305 568 4359 Α.
586 4307 659 4373 xlx,
677 4305 702 4372 s,
719 4304 745 4359 a.
