<?xml version="1.0" encoding="UTF-8"?>
<!DOCTYPE html PUBLIC "-//W3C//DTD XHTML 1.0 Transitional//EN"
    "http://www.w3.org/TR/xhtml1/DTD/xhtml1-transitional.dtd">
<html xmlns="http://www.w3.org/1999/xhtml" xml:lang="en" lang="en">
 <head>
  <title>
</title>
<meta http-equiv="Content-Type" content="text/html;charset=utf-8" />
  <meta name='ocr-system' content='tesseract 3.04.00' />
  <meta name='ocr-capabilities' content='ocr_page ocr_carea ocr_par ocr_line ocrx_word'/>
</head>
<body>
  <div class='ocr_page' id='page_1' title='image "./originespoesisr00corsgoog/originespoesisr00corsgoog_0177.png"; bbox 0 0 3400 5042; ppageno 0'>
   <div class='ocr_carea' id='block_1_1' title="bbox 819 537 890 611">
    <p class='ocr_par' dir='ltr' id='par_1_1' title="bbox 819 537 890 611">
     <span class='ocr_line' id='line_1_1' title="bbox 819 537 890 611; baseline 0.042 -3"><span class='ocrx_word' id='word_1_1' title='bbox 819 537 890 611; x_wconf 83' lang='lat'>167</span> 
     </span>
    </p>
   </div>
   <div class='ocr_carea' id='block_1_2' title="bbox 319 712 1383 2534">
    <p class='ocr_par' dir='ltr' id='par_1_2' title="bbox 324 712 1383 1207">
     <span class='ocr_line' id='line_1_2' title="bbox 325 712 1383 802; baseline 0.002 -25"><span class='ocrx_word' id='word_1_2' title='bbox 325 716 558 802; x_wconf 84' lang='lat' dir='ltr'>sequeretur⁸),</span> <span class='ocrx_word' id='word_1_3' title='bbox 586 712 684 801; x_wconf 89' lang='lat' dir='ltr'>quod,</span> <span class='ocrx_word' id='word_1_4' title='bbox 712 713 854 801; x_wconf 89' lang='lat' dir='ltr'>inquam,</span> <span class='ocrx_word' id='word_1_5' title='bbox 876 713 1001 776; x_wconf 81' lang='lat' dir='ltr'>Ennius</span> <span class='ocrx_word' id='word_1_6' title='bbox 1022 734 1134 776; x_wconf 87' lang='lat' dir='ltr'>revera</span> <span class='ocrx_word' id='word_1_7' title='bbox 1156 723 1245 778; x_wconf 84' lang='lat' dir='ltr'>vates</span> <span class='ocrx_word' id='word_1_8' title='bbox 1266 735 1383 779; x_wconf 87' lang='lat' dir='ltr'>omnes</span> 
     </span>
     <span class='ocr_line' id='line_1_3' title="bbox 325 813 1381 900; baseline 0.001 -21"><span class='ocrx_word' id='word_1_9' title='bbox 325 815 416 879; x_wconf 91' lang='lat' dir='ltr'>nihili</span> <span class='ocrx_word' id='word_1_10' title='bbox 444 815 645 892; x_wconf 87' lang='lat' dir='ltr'>aestimabat,</span> <span class='ocrx_word' id='word_1_11' title='bbox 681 838 749 878; x_wconf 91' lang='lat' dir='ltr'>non</span> <span class='ocrx_word' id='word_1_12' title='bbox 778 816 821 878; x_wconf 92' lang='lat' dir='ltr'>ob</span> <span class='ocrx_word' id='word_1_13' title='bbox 849 814 991 879; x_wconf 90' lang='lat' dir='ltr'>carmina</span> <span class='ocrx_word' id='word_1_14' title='bbox 1023 836 1106 900; x_wconf 88' lang='lat' dir='ltr'>quae</span> <span class='ocrx_word' id='word_1_15' title='bbox 1135 813 1289 892; x_wconf 77' lang='lat' dir='ltr'>edebant,</span> <span class='ocrx_word' id='word_1_16' title='bbox 1325 817 1381 880; x_wconf 87' lang='lat' dir='ltr'>sed</span> 
     </span>
     <span class='ocr_line' id='line_1_4' title="bbox 325 915 1383 1005; baseline 0.002 -25"><span class='ocrx_word' id='word_1_17' title='bbox 325 918 413 1005; x_wconf 92' lang='lat' dir='ltr'>quod</span> <span class='ocrx_word' id='word_1_18' title='bbox 436 916 623 981; x_wconf 76' lang='lat' dir='ltr'>umbraticis</span> <span class='ocrx_word' id='word_1_19' title='bbox 643 915 851 1003; x_wconf 83' lang='lat' dir='ltr'>ridiculisque</span> <span class='ocrx_word' id='word_1_20' title='bbox 878 916 1159 1004; x_wconf 75' lang='lat' dir='ltr'>superstitionibus</span> <span class='ocrx_word' id='word_1_21' title='bbox 1186 940 1243 981; x_wconf 88' lang='lat' dir='ltr'>eos</span> <span class='ocrx_word' id='word_1_22' title='bbox 1264 917 1383 983; x_wconf 82' lang='lat' dir='ltr'>obstri-</span> 
     </span>
     <span class='ocr_line' id='line_1_5' title="bbox 324 1017 1382 1104; baseline 0 -21"><span class='ocrx_word' id='word_1_23' title='bbox 324 1031 393 1083; x_wconf 88' lang='lat' dir='ltr'>ctos</span> <span class='ocrx_word' id='word_1_24' title='bbox 414 1018 553 1084; x_wconf 89' lang='lat' dir='ltr'>videbat.</span> <span class='ocrx_word' id='word_1_25' title='bbox 603 1017 833 1104; x_wconf 75' lang='lat' dir='ltr'>Quamobrem</span> <span class='ocrx_word' id='word_1_26' title='bbox 866 1017 1063 1083; x_wconf 68' lang='lat' dir='ltr'>enumeratis</span> <span class='ocrx_word' id='word_1_27' title='bbox 1089 1017 1244 1083; x_wconf 84' lang='lat' dir='ltr'>omnibus</span> <span class='ocrx_word' id='word_1_28' title='bbox 1270 1030 1382 1084; x_wconf 80' lang='lat' dir='ltr'>ratum</span> 
     </span>
     <span class='ocr_line' id='line_1_6' title="bbox 324 1118 611 1207; baseline -0.01 -22"><span class='ocrx_word' id='word_1_29' title='bbox 324 1120 495 1207; x_wconf 79' lang='lat' dir='ltr'>generibus</span> <span class='ocrx_word' id='word_1_30' title='bbox 517 1118 611 1184; x_wconf 86' lang='lat' dir='ltr'>dicit:</span> 
     </span>
    </p>

    <p class='ocr_par' dir='ltr' id='par_1_3' title="bbox 406 1218 1295 1310">
     <span class='ocr_line' id='line_1_7' title="bbox 406 1218 1295 1310; baseline -0.002 -23"><span class='ocrx_word' id='word_1_31' title='bbox 406 1221 492 1287; x_wconf 78' lang='lat' dir='ltr'>»sed</span> <span class='ocrx_word' id='word_1_32' title='bbox 513 1219 724 1310; x_wconf 77' lang='lat' dir='ltr'>superstitiosi</span> <span class='ocrx_word' id='word_1_33' title='bbox 746 1230 848 1299; x_wconf 89' lang='lat' dir='ltr'>vates,</span> <span class='ocrx_word' id='word_1_34' title='bbox 874 1220 1148 1310; x_wconf 86' lang='lat' dir='ltr'>impudentesque</span> <span class='ocrx_word' id='word_1_35' title='bbox 1169 1218 1295 1298; x_wconf 85' lang='lat' dir='ltr'>harioli,</span> 
     </span>
    </p>

    <p class='ocr_par' dir='ltr' id='par_1_4' title="bbox 405 1322 1380 1411">
     <span class='ocr_line' id='line_1_8' title="bbox 405 1322 1380 1411; baseline -0.005 -23"><span class='ocrx_word' id='word_1_36' title='bbox 405 1325 472 1388; x_wconf 81' lang='lat' dir='ltr'>Aut</span> <span class='ocrx_word' id='word_1_37' title='bbox 493 1323 620 1400; x_wconf 88' lang='lat' dir='ltr'>inertes,</span> <span class='ocrx_word' id='word_1_38' title='bbox 642 1334 697 1387; x_wconf 91' lang='lat' dir='ltr'>aut</span> <span class='ocrx_word' id='word_1_39' title='bbox 718 1322 829 1400; x_wconf 87' lang='lat' dir='ltr'>insani,</span> <span class='ocrx_word' id='word_1_40' title='bbox 850 1333 906 1388; x_wconf 90' lang='lat' dir='ltr'>aut</span> <span class='ocrx_word' id='word_1_41' title='bbox 928 1323 1046 1411; x_wconf 85' lang='lat' dir='ltr'>quibus</span> <span class='ocrx_word' id='word_1_42' title='bbox 1067 1334 1191 1409; x_wconf 75' lang='lat' dir='ltr'>egestas</span> <span class='ocrx_word' id='word_1_43' title='bbox 1212 1322 1380 1410; x_wconf 83' lang='lat' dir='ltr'>imperat«</span> 
     </span>
    </p>

    <p class='ocr_par' dir='ltr' id='par_1_5' title="bbox 319 1424 1382 2534">
     <span class='ocr_line' id='line_1_9' title="bbox 406 1424 1382 1504; baseline 0.001 -15"><span class='ocrx_word' id='word_1_44' title='bbox 406 1425 564 1490; x_wconf 89' lang='lat' dir='ltr'>Krausius</span> <span class='ocrx_word' id='word_1_45' title='bbox 591 1448 669 1489; x_wconf 90' lang='lat' dir='ltr'>vero</span> <span class='ocrx_word' id='word_1_46' title='bbox 697 1448 757 1488; x_wconf 90' lang='lat' dir='ltr'>nec</span> <span class='ocrx_word' id='word_1_47' title='bbox 785 1424 935 1488; x_wconf 87' lang='lat' dir='ltr'>meminit</span> <span class='ocrx_word' id='word_1_48' title='bbox 961 1425 1079 1489; x_wconf 91' lang='lat' dir='ltr'>harum</span> <span class='ocrx_word' id='word_1_49' title='bbox 1101 1425 1197 1490; x_wconf 87' lang='lat' dir='ltr'>Ennii</span> <span class='ocrx_word' id='word_1_50' title='bbox 1219 1448 1382 1504; x_wconf 88' lang='lat' dir='ltr'>versuum,</span> 
     </span>
     <span class='ocr_line' id='line_1_10' title="bbox 325 1526 1380 1617; baseline -0.001 -24"><span class='ocrx_word' id='word_1_51' title='bbox 325 1551 425 1617; x_wconf 90' lang='lat' dir='ltr'>quum</span> <span class='ocrx_word' id='word_1_52' title='bbox 449 1554 536 1592; x_wconf 86' lang='lat' dir='ltr'>unum</span> <span class='ocrx_word' id='word_1_53' title='bbox 558 1551 635 1604; x_wconf 87' lang='lat' dir='ltr'>esse,</span> <span class='ocrx_word' id='word_1_54' title='bbox 658 1551 756 1614; x_wconf 91' lang='lat' dir='ltr'>quem</span> <span class='ocrx_word' id='word_1_55' title='bbox 779 1550 874 1613; x_wconf 90' lang='lat' dir='ltr'>supra</span> <span class='ocrx_word' id='word_1_56' title='bbox 891 1527 1069 1613; x_wconf 87' lang='lat' dir='ltr'>posuimus,</span> <span class='ocrx_word' id='word_1_57' title='bbox 1091 1526 1292 1608; x_wconf 88' lang='lat' dir='ltr'>locumejus‚</span> <span class='ocrx_word' id='word_1_58' title='bbox 1313 1552 1380 1615; x_wconf 88' lang='lat' dir='ltr'>quo</span> 
     </span>
     <span class='ocr_line' id='line_1_11' title="bbox 324 1628 1381 1716; baseline 0.004 -26"><span class='ocrx_word' id='word_1_59' title='bbox 324 1631 459 1694; x_wconf 87' lang='lat' dir='ltr'>verbum</span> <span class='ocrx_word' id='word_1_60' title='bbox 482 1645 566 1694; x_wconf 79' lang='lat' dir='ltr'>votes</span> <span class='ocrx_word' id='word_1_61' title='bbox 588 1629 720 1716; x_wconf 74' lang='lat' dir='ltr'>legatur,</span> <span class='ocrx_word' id='word_1_62' title='bbox 742 1628 890 1705; x_wconf 84' lang='lat' dir='ltr'>affirmet,</span> <span class='ocrx_word' id='word_1_63' title='bbox 912 1641 945 1692; x_wconf 91' lang='lat' dir='ltr'>et</span> <span class='ocrx_word' id='word_1_64' title='bbox 960 1629 1109 1692; x_wconf 90' lang='lat' dir='ltr'>consulto</span> <span class='ocrx_word' id='word_1_65' title='bbox 1121 1630 1230 1693; x_wconf 91' lang='lat' dir='ltr'>omisit</span> <span class='ocrx_word' id='word_1_66' title='bbox 1241 1631 1381 1694; x_wconf 90' lang='lat' dir='ltr'>alterum</span> 
     </span>
     <span class='ocr_line' id='line_1_12' title="bbox 327 1730 1377 1819; baseline -0.001 -23"><span class='ocrx_word' id='word_1_67' title='bbox 327 1733 495 1796; x_wconf 83' lang='lat' dir='ltr'>Ciceronis</span> <span class='ocrx_word' id='word_1_68' title='bbox 517 1733 642 1806; x_wconf 81' lang='lat' dir='ltr'>locum,</span> <span class='ocrx_word' id='word_1_69' title='bbox 671 1754 736 1817; x_wconf 93' lang='lat' dir='ltr'>quo</span> <span class='ocrx_word' id='word_1_70' title='bbox 760 1730 857 1794; x_wconf 89' lang='lat' dir='ltr'>Ennii</span> <span class='ocrx_word' id='word_1_71' title='bbox 879 1733 977 1794; x_wconf 90' lang='lat' dir='ltr'>verba</span> <span class='ocrx_word' id='word_1_72' title='bbox 1000 1743 1065 1795; x_wconf 87' lang='lat' dir='ltr'>tam</span> <span class='ocrx_word' id='word_1_73' title='bbox 1088 1732 1258 1819; x_wconf 88' lang='lat' dir='ltr'>perspicue</span> <span class='ocrx_word' id='word_1_74' title='bbox 1281 1733 1377 1819; x_wconf 89' lang='lat' dir='ltr'>expli·</span> 
     </span>
     <span class='ocr_line' id='line_1_13' title="bbox 322 1834 1381 1923; baseline 0.002 -25"><span class='ocrx_word' id='word_1_75' title='bbox 322 1840 483 1915; x_wconf 66' lang='lat' dir='ltr'>canturt).</span> <span class='ocrx_word' id='word_1_76' title='bbox 527 1834 627 1920; x_wconf 79' lang='lat' dir='ltr'>Quod</span> <span class='ocrx_word' id='word_1_77' title='bbox 655 1834 752 1918; x_wconf 76' lang='lat' dir='ltr'>igitur</span> <span class='ocrx_word' id='word_1_78' title='bbox 778 1835 928 1921; x_wconf 86' lang='lat' dir='ltr'>antiquos</span> <span class='ocrx_word' id='word_1_79' title='bbox 954 1845 1068 1921; x_wconf 88' lang='lat' dir='ltr'>poetas</span> <span class='ocrx_word' id='word_1_80' title='bbox 1095 1850 1179 1899; x_wconf 77' lang='lat' dir='ltr'>vates</span> <span class='ocrx_word' id='word_1_81' title='bbox 1200 1835 1381 1923; x_wconf 88' lang='lat' dir='ltr'>appellatos</span> 
     </span>
     <span class='ocr_line' id='line_1_14' title="bbox 323 1935 1379 2025; baseline 0.001 -25"><span class='ocrx_word' id='word_1_82' title='bbox 323 1961 392 2001; x_wconf 89' lang='lat' dir='ltr'>esse</span> <span class='ocrx_word' id='word_1_83' title='bbox 414 1939 521 2000; x_wconf 88' lang='lat' dir='ltr'>Varro</span> <span class='ocrx_word' id='word_1_84' title='bbox 544 1935 634 2012; x_wconf 82' lang='lat' dir='ltr'>dicit,</span> <span class='ocrx_word' id='word_1_85' title='bbox 666 1936 707 1999; x_wconf 90' lang='lat' dir='ltr'>ita</span> <span class='ocrx_word' id='word_1_86' title='bbox 737 1960 771 1999; x_wconf 89' lang='lat' dir='ltr'>re</span> <span class='ocrx_word' id='word_1_87' title='bbox 798 1938 867 2022; x_wconf 90' lang='lat' dir='ltr'>ipsa</span> <span class='ocrx_word' id='word_1_88' title='bbox 889 1935 1135 2023; x_wconf 78' lang='lat' dir='ltr'>intelligendum</span> <span class='ocrx_word' id='word_1_89' title='bbox 1170 1949 1237 2001; x_wconf 90' lang='lat' dir='ltr'>est:</span> <span class='ocrx_word' id='word_1_90' title='bbox 1276 1960 1379 2025; x_wconf 86' lang='lat' dir='ltr'>quum</span> 
     </span>
     <span class='ocr_line' id='line_1_15' title="bbox 323 2036 1380 2125; baseline 0.004 -25"><span class='ocrx_word' id='word_1_91' title='bbox 323 2052 410 2103; x_wconf 86' lang='lat' dir='ltr'>vates</span> <span class='ocrx_word' id='word_1_92' title='bbox 433 2039 584 2102; x_wconf 89' lang='lat' dir='ltr'>divinitus</span> <span class='ocrx_word' id='word_1_93' title='bbox 607 2036 706 2101; x_wconf 85' lang='lat' dir='ltr'>inflati</span> <span class='ocrx_word' id='word_1_94' title='bbox 720 2039 798 2119; x_wconf 85' lang='lat' dir='ltr'>sata</span> <span class='ocrx_word' id='word_1_95' title='bbox 819 2043 997 2104; x_wconf 73' lang='lat' dir='ltr'>carminibus</span> <span class='ocrx_word' id='word_1_96' title='bbox 1014 2055 1256 2125; x_wconf 82' lang='lat' dir='ltr'>praemonerent,</span> <span class='ocrx_word' id='word_1_97' title='bbox 1283 2040 1380 2104; x_wconf 85' lang='lat' dir='ltr'>etiam</span> 
     </span>
     <span class='ocr_line' id='line_1_16' title="bbox 322 2140 1379 2230; baseline 0 -24"><span class='ocrx_word' id='word_1_98' title='bbox 322 2150 434 2206; x_wconf 80' lang='lat' dir='ltr'>omnz&#39;rro</span> <span class='ocrx_word' id='word_1_99' title='bbox 453 2156 564 2226; x_wconf 84' lang='lat' dir='ltr'>poetae</span> <span class='ocrx_word' id='word_1_100' title='bbox 585 2145 710 2224; x_wconf 63' lang='lat' dir='ltr'>antibat,</span> <span class='ocrx_word' id='word_1_101' title='bbox 734 2163 801 2204; x_wconf 92' lang='lat' dir='ltr'>non</span> <span class='ocrx_word' id='word_1_102' title='bbox 824 2140 932 2204; x_wconf 89' lang='lat' dir='ltr'>minus</span> <span class='ocrx_word' id='word_1_103' title='bbox 954 2141 1064 2206; x_wconf 89' lang='lat' dir='ltr'>divino</span> <span class='ocrx_word' id='word_1_104' title='bbox 1087 2142 1231 2230; x_wconf 90' lang='lat' dir='ltr'>quodam</span> <span class='ocrx_word' id='word_1_105' title='bbox 1253 2142 1379 2230; x_wconf 90' lang='lat' dir='ltr'>impetu</span> 
     </span>
     <span class='ocr_line' id='line_1_17' title="bbox 322 2243 1379 2330; baseline -0.001 -22"><span class='ocrx_word' id='word_1_106' title='bbox 322 2245 464 2319; x_wconf 88' lang='lat' dir='ltr'>excitati,</span> <span class='ocrx_word' id='word_1_107' title='bbox 493 2267 510 2307; x_wconf 87' lang='lat' dir='ltr'>a</span> <span class='ocrx_word' id='word_1_108' title='bbox 530 2247 747 2328; x_wconf 83' lang='lat' dir='ltr'>posterioribus</span> <span class='ocrx_word' id='word_1_109' title='bbox 765 2249 866 2328; x_wconf 77' lang='lat' dir='ltr'>poetis</span> <span class='ocrx_word' id='word_1_110' title='bbox 887 2259 972 2308; x_wconf 77' lang='lat' dir='ltr'>uates</span> <span class='ocrx_word' id='word_1_111' title='bbox 992 2255 1067 2308; x_wconf 92' lang='lat' dir='ltr'>sunt</span> <span class='ocrx_word' id='word_1_112' title='bbox 1087 2243 1248 2330; x_wconf 88' lang='lat' dir='ltr'>appellati.</span> <span class='ocrx_word' id='word_1_113' title='bbox 1291 2244 1379 2308; x_wconf 89' lang='lat' dir='ltr'>Nam</span> 
     </span>
     <span class='ocr_line' id='line_1_18' title="bbox 322 2345 1378 2433; baseline 0.001 -24"><span class='ocrx_word' id='word_1_114' title='bbox 322 2358 354 2409; x_wconf 92' lang='lat' dir='ltr'>et</span> <span class='ocrx_word' id='word_1_115' title='bbox 375 2345 495 2432; x_wconf 79' lang='lat' dir='ltr'>vulgari</span> <span class='ocrx_word' id='word_1_116' title='bbox 517 2369 669 2409; x_wconf 89' lang='lat' dir='ltr'>sermone</span> <span class='ocrx_word' id='word_1_117' title='bbox 692 2357 724 2410; x_wconf 88' lang='lat' dir='ltr'>et</span> <span class='ocrx_word' id='word_1_118' title='bbox 745 2345 831 2431; x_wconf 88' lang='lat' dir='ltr'>apud</span> <span class='ocrx_word' id='word_1_119' title='bbox 854 2345 997 2433; x_wconf 88' lang='lat' dir='ltr'>optimos</span> <span class='ocrx_word' id='word_1_120' title='bbox 1017 2346 1183 2433; x_wconf 85' lang='lat' dir='ltr'>prosaicos</span> <span class='ocrx_word' id='word_1_121' title='bbox 1205 2345 1378 2432; x_wconf 86' lang='lat' dir='ltr'>scriptores</span> 
     </span>
     <span class='ocr_line' id='line_1_19' title="bbox 319 2447 1188 2534; baseline 0.005 -25"><span class='ocrx_word' id='word_1_122' title='bbox 319 2447 457 2511; x_wconf 88' lang='lat' dir='ltr'>verbum</span> <span class='ocrx_word' id='word_1_123' title='bbox 480 2461 564 2511; x_wconf 81' lang='lat' dir='ltr'>vates</span> <span class='ocrx_word' id='word_1_124' title='bbox 585 2447 755 2534; x_wconf 89' lang='lat' dir='ltr'>proprium</span> <span class='ocrx_word' id='word_1_125' title='bbox 778 2471 873 2511; x_wconf 88' lang='lat' dir='ltr'>suum</span> <span class='ocrx_word' id='word_1_126' title='bbox 895 2447 1027 2512; x_wconf 87' lang='lat' dir='ltr'>retinuit</span> <span class='ocrx_word' id='word_1_127' title='bbox 1046 2471 1188 2513; x_wconf 87' lang='lat' dir='ltr'>sensum.</span> 
     </span>
    </p>
   </div>
   <div class='ocr_carea' id='block_1_3' title="bbox 318 2548 1379 3138">
    <p class='ocr_par' dir='ltr' id='par_1_6' title="bbox 318 2548 1379 3138">
     <span class='ocr_line' id='line_1_20' title="bbox 404 2548 1379 2636; baseline 0.001 -23"><span class='ocrx_word' id='word_1_128' title='bbox 404 2549 564 2614; x_wconf 87' lang='lat' dir='ltr'>Utebatur</span> <span class='ocrx_word' id='word_1_129' title='bbox 586 2569 661 2612; x_wconf 91' lang='lat' dir='ltr'>vero</span> <span class='ocrx_word' id='word_1_130' title='bbox 683 2559 750 2612; x_wconf 88' lang='lat' dir='ltr'>tam</span> <span class='ocrx_word' id='word_1_131' title='bbox 777 2550 894 2614; x_wconf 87' lang='lat' dir='ltr'>acerba</span> <span class='ocrx_word' id='word_1_132' title='bbox 921 2550 1165 2636; x_wconf 88' lang='lat' dir='ltr'>comparatione</span> <span class='ocrx_word' id='word_1_133' title='bbox 1189 2548 1232 2634; x_wconf 86' lang='lat' dir='ltr'>Q.</span> <span class='ocrx_word' id='word_1_134' title='bbox 1254 2549 1379 2614; x_wconf 85' lang='lat' dir='ltr'>Ennius</span> 
     </span>
     <span class='ocr_line' id='line_1_21' title="bbox 320 2649 1379 2738; baseline 0.002 -24"><span class='ocrx_word' id='word_1_135' title='bbox 320 2664 432 2716; x_wconf 90' lang='lat' dir='ltr'>contra</span> <span class='ocrx_word' id='word_1_136' title='bbox 456 2650 625 2728; x_wconf 87' lang='lat' dir='ltr'>Naevium,</span> <span class='ocrx_word' id='word_1_137' title='bbox 648 2650 736 2737; x_wconf 88' lang='lat' dir='ltr'>quod</span> <span class='ocrx_word' id='word_1_138' title='bbox 758 2649 826 2715; x_wconf 91' lang='lat' dir='ltr'>fieri</span> <span class='ocrx_word' id='word_1_139' title='bbox 838 2675 906 2715; x_wconf 90' lang='lat' dir='ltr'>non</span> <span class='ocrx_word' id='word_1_140' title='bbox 922 2663 1060 2738; x_wconf 87' lang='lat' dir='ltr'>poterat,</span> <span class='ocrx_word' id='word_1_141' title='bbox 1081 2651 1159 2738; x_wconf 91' lang='lat' dir='ltr'>quin</span> <span class='ocrx_word' id='word_1_142' title='bbox 1174 2651 1262 2715; x_wconf 87' lang='lat' dir='ltr'>nulla</span> <span class='ocrx_word' id='word_1_143' title='bbox 1280 2650 1379 2717; x_wconf 86' lang='lat' dir='ltr'>inter-</span> 
     </span>
     <span class='ocr_line' id='line_1_22' title="bbox 320 2752 1378 2840; baseline 0.002 -24"><span class='ocrx_word' id='word_1_144' title='bbox 320 2754 448 2818; x_wconf 87' lang='lat' dir='ltr'>cederet</span> <span class='ocrx_word' id='word_1_145' title='bbox 470 2752 607 2817; x_wconf 90' lang='lat' dir='ltr'>amicitia</span> <span class='ocrx_word' id='word_1_146' title='bbox 630 2765 685 2816; x_wconf 91' lang='lat' dir='ltr'>aut</span> <span class='ocrx_word' id='word_1_147' title='bbox 706 2753 804 2815; x_wconf 89' lang='lat' dir='ltr'>animi</span> <span class='ocrx_word' id='word_1_148' title='bbox 828 2753 1066 2840; x_wconf 88' lang='lat' dir='ltr'>voluntatisque</span> <span class='ocrx_word' id='word_1_149' title='bbox 1091 2752 1269 2817; x_wconf 87' lang='lat' dir='ltr'>similitudo</span> <span class='ocrx_word' id='word_1_150' title='bbox 1293 2752 1378 2818; x_wconf 88' lang='lat' dir='ltr'>inter</span> 
     </span>
     <span class='ocr_line' id='line_1_23' title="bbox 320 2855 1378 2943; baseline -0.001 -24"><span class='ocrx_word' id='word_1_151' title='bbox 320 2868 493 2943; x_wconf 89' lang='lat' dir='ltr'>utrumque</span> <span class='ocrx_word' id='word_1_152' title='bbox 525 2866 667 2941; x_wconf 88' lang='lat' dir='ltr'>poetam.</span> <span class='ocrx_word' id='word_1_153' title='bbox 727 2856 812 2918; x_wconf 87' lang='lat' dir='ltr'>Nam</span> <span class='ocrx_word' id='word_1_154' title='bbox 851 2855 975 2918; x_wconf 88' lang='lat' dir='ltr'>Ennius</span> <span class='ocrx_word' id='word_1_155' title='bbox 1011 2856 1123 2919; x_wconf 85' lang='lat' dir='ltr'>intima</span> <span class='ocrx_word' id='word_1_156' title='bbox 1161 2855 1378 2918; x_wconf 85' lang='lat' dir='ltr'>familiaritate</span> 
     </span>
     <span class='ocr_line' id='line_1_24' title="bbox 318 2956 1376 3043; baseline 0 -22"><span class='ocrx_word' id='word_1_157' title='bbox 318 2961 444 3038; x_wconf 88' lang='lat' dir='ltr'>junctus</span> <span class='ocrx_word' id='word_1_158' title='bbox 474 2968 543 3021; x_wconf 86' lang='lat' dir='ltr'>crat</span> <span class='ocrx_word' id='word_1_159' title='bbox 570 2980 644 3020; x_wconf 91' lang='lat' dir='ltr'>cum</span> <span class='ocrx_word' id='word_1_160' title='bbox 674 2956 870 3032; x_wconf 85' lang='lat' dir='ltr'>Catonibus,</span> <span class='ocrx_word' id='word_1_161' title='bbox 902 2957 1124 3043; x_wconf 88' lang='lat' dir='ltr'>Scipionibus,</span> <span class='ocrx_word' id='word_1_162' title='bbox 1157 2957 1278 3021; x_wconf 82' lang='lat' dir='ltr'>Fulviis</span> <span class='ocrx_word' id='word_1_163' title='bbox 1299 2957 1376 3021; x_wconf 89' lang='lat' dir='ltr'>viris</span> 
     </span>
     <span class='ocr_line' id='line_1_25' title="bbox 319 3058 1376 3138; baseline 0.001 -15"><span class='ocrx_word' id='word_1_164' title='bbox 319 3061 527 3124; x_wconf 86' lang='lat' dir='ltr'>nobilissimis</span> <span class='ocrx_word' id='word_1_165' title='bbox 545 3063 598 3138; x_wconf 85' lang='lat'>¹⁰),</span> <span class='ocrx_word' id='word_1_166' title='bbox 630 3059 770 3122; x_wconf 89' lang='lat' dir='ltr'>Naevius</span> <span class='ocrx_word' id='word_1_167' title='bbox 792 3083 809 3122; x_wconf 89' lang='lat' dir='ltr'>a</span> <span class='ocrx_word' id='word_1_168' title='bbox 833 3058 992 3124; x_wconf 89' lang='lat' dir='ltr'>nobilium</span> <span class='ocrx_word' id='word_1_169' title='bbox 1021 3059 1161 3124; x_wconf 81' lang='lat' dir='ltr'>factione</span> <span class='ocrx_word' id='word_1_170' title='bbox 1189 3059 1223 3123; x_wconf 92' lang='lat' dir='ltr'>in</span> <span class='ocrx_word' id='word_1_171' title='bbox 1249 3059 1376 3124; x_wconf 86' lang='lat' dir='ltr'>vincula</span> 
     </span>
    </p>
   </div>
   <div class='ocr_carea' id='block_1_4' title="bbox 318 3248 529 3259">
    <p class='ocr_par' dir='ltr' id='par_1_7' title="bbox 318 3248 529 3259">
     <span class='ocr_line' id='line_1_26' title="bbox 318 3248 529 3259; baseline 0 0"><span class='ocrx_word' id='word_1_172' title='bbox 318 3248 529 3259; x_wconf 51' lang='grc' dir='ltr'>ψ</span> 
     </span>
    </p>
   </div>
   <div class='ocr_carea' id='block_1_5' title="bbox 373 3385 1377 3454">
    <p class='ocr_par' dir='ltr' id='par_1_8' title="bbox 373 3385 1377 3454">
     <span class='ocr_line' id='line_1_27' title="bbox 373 3385 1377 3454; baseline 0.005 -14"><span class='ocrx_word' id='word_1_173' title='bbox 373 3385 399 3454; x_wconf 78' lang='lat'>⁸)</span> <span class='ocrx_word' id='word_1_174' title='bbox 419 3387 474 3443; x_wconf 73' lang='lat' dir='ltr'>cie</span> <span class='ocrx_word' id='word_1_175' title='bbox 494 3387 527 3441; x_wconf 90' lang='lat' dir='ltr'>de</span> <span class='ocrx_word' id='word_1_176' title='bbox 546 3389 606 3442; x_wconf 85' lang='lat' dir='ltr'>Nat.</span> <span class='ocrx_word' id='word_1_177' title='bbox 625 3389 709 3442; x_wconf 89' lang='lat' dir='ltr'>Deor.</span> <span class='ocrx_word' id='word_1_178' title='bbox 729 3389 749 3451; x_wconf 87' lang='lat' dir='ltr'>l,</span> <span class='ocrx_word' id='word_1_179' title='bbox 766 3387 807 3442; x_wconf 72' lang='grc'>42.</span> <span class='ocrx_word' id='word_1_180' title='bbox 830 3389 919 3444; x_wconf 86' lang='lat' dir='ltr'>Etiam</span> <span class='ocrx_word' id='word_1_181' title='bbox 937 3389 993 3444; x_wconf 88' lang='lat' dir='ltr'>aliis</span> <span class='ocrx_word' id='word_1_182' title='bbox 1015 3387 1081 3444; x_wconf 85' lang='lat' dir='ltr'>loeis</span> <span class='ocrx_word' id='word_1_183' title='bbox 1099 3389 1253 3445; x_wconf 89' lang='lat' dir='ltr'>liberiorem</span> <span class='ocrx_word' id='word_1_184' title='bbox 1271 3390 1377 3446; x_wconf 82' lang='lat' dir='ltr'>Ennius</span> 
     </span>
    </p>
   </div>
   <div class='ocr_carea' id='block_1_6' title="bbox 418 3471 1470 3548">
    <p class='ocr_par' dir='ltr' id='par_1_9' title="bbox 418 3471 1470 3548">
     <span class='ocr_line' id='line_1_28' title="bbox 418 3471 1470 3548; baseline 0.006 -20"><span class='ocrx_word' id='word_1_185' title='bbox 418 3476 524 3548; x_wconf 81' lang='lat' dir='ltr'>profert</span> <span class='ocrx_word' id='word_1_186' title='bbox 541 3476 574 3530; x_wconf 90' lang='lat' dir='ltr'>de</span> <span class='ocrx_word' id='word_1_187' title='bbox 592 3476 643 3529; x_wconf 89' lang='lat' dir='ltr'>diis</span> <span class='ocrx_word' id='word_1_188' title='bbox 660 3478 828 3530; x_wconf 87' lang='lat' dir='ltr'>sententiam.</span> <span class='ocrx_word' id='word_1_189' title='bbox 847 3477 888 3531; x_wconf 83' lang='lat' dir='ltr'>cf.</span> <span class='ocrx_word' id='word_1_190' title='bbox 904 3476 960 3533; x_wconf 86' lang='lat' dir='ltr'>Cic.</span> <span class='ocrx_word' id='word_1_191' title='bbox 979 3478 1014 3531; x_wconf 86' lang='lat' dir='ltr'>da</span> <span class='ocrx_word' id='word_1_192' title='bbox 1032 3478 1093 3531; x_wconf 88' lang='lat' dir='ltr'>Nat.</span> <span class='ocrx_word' id='word_1_193' title='bbox 1111 3477 1194 3532; x_wconf 89' lang='lat' dir='ltr'>Deor.</span> <span class='ocrx_word' id='word_1_194' title='bbox 1215 3480 1250 3547; x_wconf 88' lang='lat' dir='ltr'>ll,</span> <span class='ocrx_word' id='word_1_195' title='bbox 1267 3481 1293 3532; x_wconf 69' lang='lat'>2.</span> <span class='ocrx_word' id='word_1_196' title='bbox 1312 3479 1376 3534; x_wconf 89' lang='lat' dir='ltr'>ibid.</span> <span class='ocrx_word' id='word_1_197' title='bbox 1467 3471 1470 3474; x_wconf 70' lang='lat'><em>,</em></span> 
     </span>
    </p>
   </div>
   <div class='ocr_carea' id='block_1_7' title="bbox 421 3564 923 3628">
    <p class='ocr_par' dir='ltr' id='par_1_10' title="bbox 421 3564 923 3628">
     <span class='ocr_line' id='line_1_29' title="bbox 421 3564 923 3628; baseline 0.008 -13"><span class='ocrx_word' id='word_1_198' title='bbox 421 3564 456 3625; x_wconf 86' lang='grc'>11,</span> <span class='ocrx_word' id='word_1_199' title='bbox 473 3565 515 3616; x_wconf 76' lang='lat'>25.</span> <span class='ocrx_word' id='word_1_200' title='bbox 534 3564 627 3618; x_wconf 88' lang='lat' dir='ltr'>Divin.</span> <span class='ocrx_word' id='word_1_201' title='bbox 647 3565 680 3626; x_wconf 88' lang='lat' dir='ltr'>ll,</span> <span class='ocrx_word' id='word_1_202' title='bbox 698 3566 739 3617; x_wconf 82' lang='lat'>50.</span> <span class='ocrx_word' id='word_1_203' title='bbox 757 3565 821 3618; x_wconf 89' lang='lat' dir='ltr'>ibid.</span> <span class='ocrx_word' id='word_1_204' title='bbox 842 3566 862 3628; x_wconf 83' lang='lat'>1,</span> <span class='ocrx_word' id='word_1_205' title='bbox 879 3567 923 3619; x_wconf 81' lang='lat'>58.</span> 
     </span>
    </p>
   </div>
   <div class='ocr_carea' id='block_1_8' title="bbox 374 3669 1376 4077">
    <p class='ocr_par' dir='ltr' id='par_1_11' title="bbox 374 3669 1376 4077">
     <span class='ocr_line' id='line_1_30' title="bbox 374 3669 1376 3746; baseline 0.007 -23"><span class='ocrx_word' id='word_1_206' title='bbox 374 3669 399 3739; x_wconf 79' lang='lat'>⁹)</span> <span class='ocrx_word' id='word_1_207' title='bbox 418 3671 489 3724; x_wconf 88' lang='lat' dir='ltr'>ldem</span> <span class='ocrx_word' id='word_1_208' title='bbox 513 3684 613 3726; x_wconf 87' lang='lat' dir='ltr'>temere</span> <span class='ocrx_word' id='word_1_209' title='bbox 636 3672 790 3742; x_wconf 81' lang='lat' dir='ltr'>Schlegelio</span> <span class='ocrx_word' id='word_1_210' title='bbox 815 3673 933 3743; x_wconf 87' lang='lat' dir='ltr'>objicere</span> <span class='ocrx_word' id='word_1_211' title='bbox 955 3673 1048 3741; x_wconf 84' lang='lat' dir='ltr'>audet,</span> <span class='ocrx_word' id='word_1_212' title='bbox 1080 3674 1154 3746; x_wconf 89' lang='lat' dir='ltr'>quod</span> <span class='ocrx_word' id='word_1_213' title='bbox 1175 3675 1293 3729; x_wconf 87' lang='lat' dir='ltr'>Ennium</span> <span class='ocrx_word' id='word_1_214' title='bbox 1318 3696 1376 3731; x_wconf 89' lang='lat' dir='ltr'>non</span> 
     </span>
     <span class='ocr_line' id='line_1_31' title="bbox 419 3758 1376 3837; baseline 0.009 -27"><span class='ocrx_word' id='word_1_215' title='bbox 419 3758 516 3829; x_wconf 81' lang='lat' dir='ltr'>legerit</span> <span class='ocrx_word' id='word_1_216' title='bbox 533 3781 558 3832; x_wconf 91' lang='lat' dir='ltr'>p.</span> <span class='ocrx_word' id='word_1_217' title='bbox 577 3761 617 3812; x_wconf 78' lang='lat'>74.</span> <span class='ocrx_word' id='word_1_218' title='bbox 638 3760 758 3814; x_wconf 87' lang='lat' dir='ltr'>Omnino</span> <span class='ocrx_word' id='word_1_219' title='bbox 776 3783 842 3817; x_wconf 82' lang='lat' dir='ltr'>vero</span> <span class='ocrx_word' id='word_1_220' title='bbox 861 3783 886 3834; x_wconf 90' lang='lat' dir='ltr'>p.</span> <span class='ocrx_word' id='word_1_221' title='bbox 905 3763 947 3815; x_wconf 88' lang='lat'>61.</span> <span class='ocrx_word' id='word_1_222' title='bbox 970 3762 1083 3816; x_wconf 85' lang='lat' dir='ltr'>vertitur</span> <span class='ocrx_word' id='word_1_223' title='bbox 1101 3763 1154 3818; x_wconf 88' lang='lat' dir='ltr'>hoc</span> <span class='ocrx_word' id='word_1_224' title='bbox 1171 3765 1376 3837; x_wconf 84' lang='lat' dir='ltr'>argumentandi</span> 
     </span>
     <span class='ocr_line' id='line_1_32' title="bbox 420 3846 1375 3922; baseline 0.01 -23"><span class='ocrx_word' id='word_1_225' title='bbox 420 3846 531 3901; x_wconf 88' lang='lat' dir='ltr'>circulo:</span> <span class='ocrx_word' id='word_1_226' title='bbox 556 3849 642 3902; x_wconf 84' lang='lat' dir='ltr'>Erant</span> <span class='ocrx_word' id='word_1_227' title='bbox 660 3849 728 3920; x_wconf 89' lang='lat' dir='ltr'>epici</span> <span class='ocrx_word' id='word_1_228' title='bbox 746 3863 849 3922; x_wconf 83' lang='lat' dir='ltr'>poetae,</span> <span class='ocrx_word' id='word_1_229' title='bbox 869 3871 939 3921; x_wconf 82' lang='lat' dir='ltr'>ergo,</span> <span class='ocrx_word' id='word_1_230' title='bbox 957 3849 1011 3903; x_wconf 85' lang='lat' dir='ltr'>alio</span> <span class='ocrx_word' id='word_1_231' title='bbox 1029 3851 1113 3904; x_wconf 87' lang='lat' dir='ltr'>verbo</span> <span class='ocrx_word' id='word_1_232' title='bbox 1132 3851 1283 3916; x_wconf 82' lang='lat' dir='ltr'>deficiente,</span> <span class='ocrx_word' id='word_1_233' title='bbox 1300 3866 1375 3909; x_wconf 84' lang='lat' dir='ltr'>vates</span> 
     </span>
     <span class='ocr_line' id='line_1_33' title="bbox 419 3935 1375 4013; baseline 0.009 -25"><span class='ocrx_word' id='word_1_234' title='bbox 419 3935 545 4007; x_wconf 87' lang='lat' dir='ltr'>appellati</span> <span class='ocrx_word' id='word_1_235' title='bbox 563 3949 633 4000; x_wconf 87' lang='lat' dir='ltr'>sunt,</span> <span class='ocrx_word' id='word_1_236' title='bbox 652 3936 739 4009; x_wconf 86' lang='lat' dir='ltr'>itaque</span> <span class='ocrx_word' id='word_1_237' title='bbox 758 3939 807 3992; x_wconf 88' lang='lat' dir='ltr'>hos</span> <span class='ocrx_word' id='word_1_238' title='bbox 825 3938 983 4010; x_wconf 81' lang='lat' dir='ltr'>significarit</span> <span class='ocrx_word' id='word_1_239' title='bbox 999 3939 1111 4002; x_wconf 82' lang='lat' dir='ltr'>Ennius.</span> <span class='ocrx_word' id='word_1_240' title='bbox 1134 3959 1196 4012; x_wconf 84' lang='lat' dir='ltr'>ergo</span> <span class='ocrx_word' id='word_1_241' title='bbox 1215 3939 1289 4013; x_wconf 90' lang='lat' dir='ltr'>epioe</span> <span class='ocrx_word' id='word_1_242' title='bbox 1308 3945 1375 3997; x_wconf 85' lang='lat' dir='ltr'>oeci-</span> 
     </span>
     <span class='ocr_line' id='line_1_34' title="bbox 420 4036 527 4077; baseline 0.009 -2"><span class='ocrx_word' id='word_1_243' title='bbox 420 4036 527 4077; x_wconf 85' lang='lat' dir='ltr'>nerunt.</span> 
     </span>
    </p>
   </div>
   <div class='ocr_carea' id='block_1_9' title="bbox 363 4129 1374 4362">
    <p class='ocr_par' dir='ltr' id='par_1_12' title="bbox 363 4129 1374 4362">
     <span class='ocr_line' id='line_1_35' title="bbox 363 4129 1374 4198; baseline 0.011 -16"><span class='ocrx_word' id='word_1_244' title='bbox 363 4129 400 4198; x_wconf 82' lang='lat'>¹⁰)</span> <span class='ocrx_word' id='word_1_245' title='bbox 420 4131 475 4185; x_wconf 86' lang='lat' dir='ltr'>Cic.</span> <span class='ocrx_word' id='word_1_246' title='bbox 495 4132 527 4185; x_wconf 91' lang='lat' dir='ltr'>de</span> <span class='ocrx_word' id='word_1_247' title='bbox 547 4134 655 4188; x_wconf 89' lang='lat' dir='ltr'>Senect.</span> <span class='ocrx_word' id='word_1_248' title='bbox 676 4157 698 4188; x_wconf 87' lang='lat' dir='ltr'>c.</span> <span class='ocrx_word' id='word_1_249' title='bbox 716 4134 734 4186; x_wconf 84' lang='lat'>8</span> <span class='ocrx_word' id='word_1_250' title='bbox 761 4139 824 4187; x_wconf 84' lang='lat' dir='ltr'>Aur.</span> <span class='ocrx_word' id='word_1_251' title='bbox 845 4134 916 4189; x_wconf 86' lang='lat' dir='ltr'>Vict·</span> <span class='ocrx_word' id='word_1_252' title='bbox 936 4135 969 4189; x_wconf 92' lang='lat' dir='ltr'>de</span> <span class='ocrx_word' id='word_1_253' title='bbox 982 4134 1032 4186; x_wconf 91' lang='lat' dir='ltr'>Vir</span> <span class='ocrx_word' id='word_1_254' title='bbox 1049 4134 1144 4188; x_wconf 90' lang='lat' dir='ltr'>illustr.</span> <span class='ocrx_word' id='word_1_255' title='bbox 1163 4159 1186 4192; x_wconf 81' lang='lat' dir='ltr'>c·</span> <span class='ocrx_word' id='word_1_256' title='bbox 1203 4137 1245 4190; x_wconf 79' lang='grc'>47.</span> <span class='ocrx_word' id='word_1_257' title='bbox 1264 4137 1322 4191; x_wconf 81' lang='lat' dir='ltr'>cic.</span> <span class='ocrx_word' id='word_1_258' title='bbox 1340 4138 1374 4193; x_wconf 94' lang='lat' dir='ltr'>de</span> 
     </span>
     <span class='ocr_line' id='line_1_36' title="bbox 420 4221 1374 4296; baseline 0.009 -25"><span class='ocrx_word' id='word_1_259' title='bbox 420 4221 497 4272; x_wconf 89' lang='lat' dir='ltr'>Orat.</span> <span class='ocrx_word' id='word_1_260' title='bbox 519 4221 552 4283; x_wconf 87' lang='lat' dir='ltr'>ll,</span> <span class='ocrx_word' id='word_1_261' title='bbox 570 4221 617 4286; x_wconf 83' lang='lat'>68;</span> <span class='ocrx_word' id='word_1_262' title='bbox 634 4221 723 4275; x_wconf 87' lang='lat' dir='ltr'>Livius</span> <span class='ocrx_word' id='word_1_263' title='bbox 742 4223 898 4287; x_wconf 86' lang='lat' dir='ltr'>XXXVlll‚</span> <span class='ocrx_word' id='word_1_264' title='bbox 916 4222 958 4276; x_wconf 82' lang='grc'>56.</span> <span class='ocrx_word' id='word_1_265' title='bbox 977 4224 1033 4278; x_wconf 87' lang='lat' dir='ltr'>Cic.</span> <span class='ocrx_word' id='word_1_266' title='bbox 1052 4246 1102 4296; x_wconf 91' lang='lat' dir='ltr'>pro</span> <span class='ocrx_word' id='word_1_267' title='bbox 1121 4226 1202 4279; x_wconf 75' lang='lat' dir='ltr'>Aret.</span> <span class='ocrx_word' id='word_1_268' title='bbox 1219 4247 1241 4281; x_wconf 86' lang='lat' dir='ltr'>c.</span> <span class='ocrx_word' id='word_1_269' title='bbox 1256 4225 1282 4290; x_wconf 80' lang='lat'>9,</span> <span class='ocrx_word' id='word_1_270' title='bbox 1299 4227 1374 4280; x_wconf 89' lang='lat' dir='ltr'>c.ll.</span> 
     </span>
     <span class='ocr_line' id='line_1_37' title="bbox 419 4307 804 4362; baseline 0.005 -2"><span class='ocrx_word' id='word_1_271' title='bbox 419 4308 482 4361; x_wconf 83' lang='lat' dir='ltr'>Aur.</span> <span class='ocrx_word' id='word_1_272' title='bbox 501 4307 571 4362; x_wconf 87' lang='lat' dir='ltr'>Vict.</span> <span class='ocrx_word' id='word_1_273' title='bbox 591 4308 647 4362; x_wconf 90' lang='lat' dir='ltr'>Vir.</span> <span class='ocrx_word' id='word_1_274' title='bbox 666 4308 704 4362; x_wconf 89' lang='lat' dir='ltr'>ill.</span> <span class='ocrx_word' id='word_1_275' title='bbox 723 4329 745 4362; x_wconf 88' lang='lat' dir='ltr'>c.</span> <span class='ocrx_word' id='word_1_276' title='bbox 763 4311 804 4362; x_wconf 78' lang='lat'>52.</span> 
     </span>
    </p>
   </div>
   <div class='ocr_carea' id='block_1_10' title="bbox 0 0 1704 5042">
    <p class='ocr_par' dir='ltr' id='par_1_13' title="bbox 0 0 1704 5042">
     <span class='ocr_line' id='line_1_38' title="bbox 0 0 1704 5042; baseline 0 3"><span class='ocrx_word' id='word_1_277' title='bbox 0 0 1704 5042; x_wconf 95' lang='lat' dir='ltr'> </span> 
     </span>
    </p>
   </div>
  </div>
 </body>
</html>
