3400 5042
825 508 876 580 29

321 683 454 750 Umbris
481 707 596 771 magna
624 684 816 750 verecundia
844 682 1162 749 adoratumdocent
1192 706 1378 771 compreca-

238 813 241 818 ·
320 787 424 851 tiones
445 786 589 873 ritusque
605 786 788 851 tabularum
802 787 1057 872 Eugubinarum,
1078 787 1112 850 in
1128 785 1244 874 quibus
1257 785 1378 872 passim

320 889 427 968 Marte
450 888 610 967 Grabovi,
639 890 704 952 sive
727 891 833 961 Marte
857 888 994 976 Krapufi
1015 912 1091 953 eum
1113 888 1312 975 appellatum
1334 887 1379 952 le-

321 993 489 1079 gimus?⁸);
522 992 610 1055 idem
637 991 723 1077 apud
746 993 901 1056 Etruscos
928 1003 962 1056 et
982 991 1064 1055 inter
1086 990 1276 1056 Novensiles
1298 989 1378 1055 deos

321 1094 415 1158 rutila
437 1094 572 1158 fulmina
594 1093 745 1174 jacientes
767 1106 799 1159 et
815 1095 900 1159 inter
912 1093 1094 1158 Consentes
1111 1093 1176 1158 sive
1189 1091 1378 1179 Compliees

320 1196 452 1282 paribus
474 1195 596 1260 vicibus
618 1219 740 1261 annum
763 1197 965 1284 complentes
977 1196 1115 1274 habitus,
1136 1197 1268 1282 agrestis
1280 1195 1377 1260 luisse

322 1298 412 1377 deus,
444 1322 519 1364 cum
552 1299 727 1362 duodecim
749 1298 884 1363 Larium
915 1299 1089 1385 agrestium
1122 1299 1152 1361 vi
1179 1322 1217 1363 ac
1249 1299 1378 1362 ratione

323 1401 564 1486 consociandus,
586 1401 714 1466 videtur
726 1406 767 1482 ³⁷)
777 1429 785 1477 ¹;
808 1401 894 1466 unde
918 1401 1106 1479 factumest,
1128 1401 1195 1465 sine
1209 1401 1319 1478 dubio,
1343 1412 1379 1465 ut

322 1504 419 1568 etiam
441 1503 527 1590 apud
550 1504 719 1568 Romanos
742 1513 774 1566 et
795 1504 883 1568 Mars
911 1514 944 1568 et
969 1503 1138 1581 Hercules,
1170 1503 1220 1567 cui
1255 1514 1288 1568 ot
1319 1502 1378 1590 ipsi

322 1605 458 1670 fulmina
478 1605 596 1669 tributa
619 1618 693 1669 sunt
713 1605 753 1669 ab
782 1605 939 1683 Etruscis,
971 1630 1046 1669 curn
1076 1609 1181 1670 Accae
1208 1606 1379 1670 Larentiae

322 1707 522 1795 Lariumque
549 1707 636 1782 cultu
664 1707 842 1772 arctissime
876 1708 1038 1788 conjuncti
1067 1720 1099 1771 et
1124 1708 1156 1772 in
1185 1707 1280 1772 sacris
1307 1708 1379 1785 sint,

324 1821 354 1874 et
377 1811 410 1874 in
432 1810 549 1874 fabulis
567 1813 617 1891 ³⁸).
663 1812 745 1874 ltern
772 1809 858 1896 apud
882 1810 988 1875 Oscos
1014 1809 1162 1874 floruisse
1188 1809 1302 1874 Martis
1329 1831 1380 1874 so·

322 1912 451 1990 lemnia,
474 1937 490 1976 e
514 1913 680 1976 Mamertis
702 1912 859 1990 nomine,
874 1912 963 2001 quod
985 1937 1002 1977 e
1025 1913 1131 1998 lingua
1155 1911 1239 1976 Osca
1265 1913 1379 1976 Festus

321 2013 538 2102 repetendum
561 2027 668 2079 censet
679 2021 732 2094 ³⁹),
758 2019 928 2102 perspicue
952 2015 1147 2101 intelligitur.
1191 2015 1302 2078 Restat
1323 2012 1379 2076 de-

322 2119 420 2204 nique
434 2117 631 2183 Sabinorum
644 2118 777 2181 Mavors
789 2117 857 2180 sive
869 2119 959 2182 Mars
971 2117 1135 2202 Quirinus,
1157 2139 1256 2203 quem
1272 2126 1380 2180 totum

321 2219 547 2306 integrumque
560 2219 599 2283 ad
614 2221 782 2284 Romanos
804 2221 974 2298 transiisse,
996 2219 1117 2284 docent
1132 2229 1259 2306 praeter
1270 2219 1378 2303 ipsum

323 2345 507 2409 cognomen
528 2322 638 2409 lupus,
663 2322 771 2408 picus,
793 2323 853 2386 alia
876 2324 908 2386 in
930 2323 1045 2386 fabulis
1067 2345 1150 2408 quae
1171 2321 1380 2407 reperiuntur

322 2425 520 2511 apertissima
542 2425 681 2510 vestigia,
701 2423 886 2511 fulgurante
908 2426 1123 2490 Etruscorum
1145 2424 1254 2491 Marte,
1271 2423 1379 2487 minus

323 2537 359 2592 ut
379 2527 506 2592 ridetur
526 2528 622 2613 vulgo
646 2527 772 2590 Romae
794 2539 874 2592 noto
889 2533 940 2609 ⁴⁰).

323 2695 534 2709 ——u—-un-

367 2806 405 2879 ⁸⁸)
427 2795 531 2863 Initab.
555 2807 621 2878 Eug.
639 2806 686 2870 Vl,
704 2827 726 2861 a.
750 2807 774 2860 l.
798 2796 894 2861 Latine
916 2806 1014 2880 scripta
1039 2826 1118 2877 saepe
1142 2805 1253 2878 legitur:
1289 2807 1379 2861 Marte

426 2897 550 2968 graborei
568 2916 628 2951 seu:
652 2895 774 2966 grabori3
803 2896 832 2948 in
849 2895 902 2949 tab.
921 2895 968 2956 IV,
986 2895 1010 2948 6.
1029 2895 1070 2948 ll.
1088 2894 1217 2950 Umbrice
1233 2894 1278 2949 vel
1294 2894 1381 2968 potius

425 2987 536 3040 Etrusca
554 2985 668 3056 scripte:
688 2985 777 3038 Marte
794 2982 904 3056 krapuli.
923 2984 956 3037 cf.
975 2982 1070 3037 Muell.
1088 2983 1190 3040 Etrusc.
1210 2985 1243 3038 tl.
1261 3004 1287 3058 p.
1305 2984 1346 3038 51.

368 3086 406 3158 ⁸²)
423 3090 513 3144 Docet
530 3107 585 3142 rem
604 3085 697 3141 Muell.
714 3087 816 3141 Etruse.
835 3086 869 3150 ll,
886 3086 928 3150 59,
944 3086 986 3149 91,
1005 3088 1063 3140 105.

369 3189 406 3260 ⁸⁸)
429 3192 472 3246 De
491 3190 586 3244 fabulis
606 3191 657 3259 jam
676 3209 756 3260 supra
772 3189 992 3243 animadversum.
1018 3189 1049 3242 ln
1067 3189 1184 3260 inscript.
1203 3207 1244 3259 up.
1258 3188 1380 3258 Dempst.

428 3278 509 3352 Corp.
527 3279 591 3332 Ant.
610 3280 686 3332 Rom.
708 3279 771 3350 llp.
793 3277 852 3330 ⁶285.
872 3277 983 3349 legitur:
1004 3277 1131 3331 »silvano
1149 3289 1243 3332 sancto
1261 3276 1380 3337 Larum*

428 3380 454 3422 et
464 3369 492 3420 in
502 3366 568 3421 alio:
589 3365 713 3420 -Silvano
723 3379 816 3421 sancto
827 3387 901 3423 sacro
911 3366 1030 3431 Larum«
1051 3364 1104 3419 scil.
1115 3385 1186 3419 aram
1196 3364 1337 3420 dedicavit.
1348 3375 1382 3417 ct.

427 3455 523 3511 Paullo
534 3455 604 3508 infra
612 3454 758 3508 videbimus
767 3457 884 3510 Martem
894 3455 978 3525 ipsum
988 3453 1125 3508 Silvanum
1134 3453 1262 3527 appellari
1287 3450 1383 3507 Muell.

426 3545 484 3598 Etr.
503 3545 537 3608 ll,
556 3545 605 3598 165
623 3564 730 3598 numum
747 3544 848 3616 profert
865 3545 1055 3615 Pergamenum
1072 3542 1182 3598 nomine
1196 3541 1316 3597 Caesaris
1326 3541 1384 3595 He-

425 3632 515 3687 rennii
532 3632 696 3705 inscriptum,
715 3633 743 3685 in
762 3651 815 3704 quo
834 3630 965 3687 Hercules
983 3631 1147 3706 conspicitur
1163 3631 1264 3686 fulmen
1275 3643 1382 3686 tenens.

426 3722 540 3775 Dubitat
557 3733 661 3785 tamen,
679 3719 748 3775 huuc
766 3720 894 3776 Etruscae
922 3719 1080 3793 disciplinae
1104 3738 1168 3774 esse.
1204 3720 1241 3774 At
1258 3720 1384 3792 quoniam

426 3808 538 3864 vidimus
556 3809 689 3864 Saliorum
713 3808 812 3864 cultum
829 3808 941 3864 Herculi
965 3822 992 3863 et
1014 3806 1099 3864 Marti
1120 3820 1303 3863 consecratum
1325 3825 1384 3861 cum

424 3899 550 3970 ·fulgurali
568 3899 740 3952 Etruscorum
758 3895 897 3969 disciplina
915 3897 1073 3961 cohaerere,
1095 3895 1181 3950 eidem
1199 3894 1385 3952 fulnrinantem

427 3985 573 4041 Herculem
590 3985 726 4042 vindicare
745 4005 802 4040 non
821 3987 923 4041 dubito.

370 4084 408 4158 ⁸⁹)
426 4088 496 4142 Fest.
514 4110 539 4142 v.
558 4090 715 4144 Mamercus.
734 4109 759 4162 p.
778 4089 837 4143 130·

370 4193 407 4267 ⁴⁰)
431 4199 534 4252 Tamen
552 4216 567 4250 e
584 4195 665 4251 rutilo
674 4197 770 4252 Martis
789 4195 893 4266 fulgure
906 4217 937 4252 ec
950 4196 1038 4251 sidere
1053 4193 1132 4251 facile
1147 4193 1295 4248 declaratur
1303 4190 1385 4246 ruber

428 4284 505 4342 color
523 4285 593 4357 ejus,
611 4285 645 4340 de
664 4304 717 4358 quo
735 4284 793 4341 fuse
813 4297 884 4340 errat
902 4282 1024 4340 Clausen
1042 4303 1069 4357 p.
1086 4282 1129 4337 41.
