3400 5042
830 524 905 596 146

337 701 546 790 fingendique
568 725 643 766 cum
665 701 782 766 salium
804 701 1069 790 quaerendorum
1097 702 1153 766 illo
1181 702 1287 767 studio
1314 716 1398 768 stare

338 828 375 869 ac
396 804 515 870 llorere
542 828 609 869 non
636 828 743 892 posse.
798 805 1029 889 Quamobrem
1057 803 1082 868 si
1111 827 1174 892 qua
1202 806 1298 870 etiam
1326 818 1397 870 tum

336 909 450 988 jactata
472 908 600 971 suntin
622 907 725 994 epulis
754 906 898 970 carmina
922 885 1132 982 αὐτοσχέδια
1158 906 1198 970 ad
1221 930 1272 972 res
1293 911 1397 990 majo·

337 1032 411 1073 rum
434 1010 474 1073 ab
498 1010 604 1098 aliqua
625 1020 718 1096 parte
742 1012 936 1095 spectantia,
962 1020 1072 1072 tamen
1094 1007 1216 1073 horum
1239 1023 1308 1074 erat
1328 1035 1397 1076 non

336 1111 478 1176 multum
494 1111 619 1176 diversa
632 1135 648 1175 a
661 1110 912 1198 triumphalibus
924 1111 1069 1175 versibus
1085 1110 1176 1175 ratio.
1211 1113 1284 1178 Hoc
1302 1113 1398 1200 igitur
1500 1194 1503 1199 Ι

336 1237 433 1280 sensu
455 1213 606 1281 cecinisse
629 1214 782 1278 Horatius
805 1213 953 1278 videtur:

548 1317 659 1379 »lnter
678 1316 778 1397 jocosi
800 1338 937 1380 munera
959 1314 1069 1379 Liberi

546 1520 678 1584 Virtute
700 1518 830 1585 functos
851 1541 945 1582 more
963 1530 1094 1606 patrum
1114 1518 1211 1583 duces

547 1621 647 1710 Lydis
668 1621 809 1687 remixto
831 1624 975 1687 carmine
996 1620 1082 1684 tibiis

553 1756 930 1775 ·······
959 1746 1131 1786 canemus«
1148 1727 1200 1804 ⁸²).

417 1826 510 1888 Hanc
537 1825 699 1912 plebejam
728 1825 825 1910 igitur
851 1824 1100 1912 quodammodo
1133 1826 1247 1911 poesin
1276 1826 1395 1890 eodem

333 1927 436 1990 modo
465 1927 603 1992 valuisse
633 1926 769 1991 dixerim
798 1926 838 1990 ad
862 1928 1128 2014 exstinguendam
1151 1931 1317 2016 antiquam
1340 1953 1395 2016 pa-

332 2027 500 2092 triciorum
522 2028 625 2108 illam,
657 2040 692 2092 ut
712 2027 830 2115 plebeji
853 2029 1064 2115 patriciorum
1087 2029 1251 2119 privilegia
1273 2032 1392 2095 sensim

332 2131 556 2195 aboleverunt.

828 2488 901 2565 Xt.

599 2655 659 2740 llll
692 2654 870 2742 strum
903 2654 1122 2756 tttrttttt.

844 2853 849 2866 .
864 2854 869 2866 .
883 2854 889 2865 .
904 2853 910 2865 .
923 2825 1024 2867 mauu
1036 2827 1118 2874 crepant
1130 2825 1297 2876 tmonlnlaraque
1310 2826 1373 2870 dcta:

780 2896 906 2938 cnutum
918 2897 971 2937 enlm
983 2895 1053 2946 quitus
1066 2898 1098 2935 ert
1110 2904 1172 2945 equus
1184 2899 1206 2936 et
1217 2899 1275 2944 puter
1287 2899 1308 2936 et
1321 2904 1359 2937 m.

1181 2966 1287 3007 Horatius.

412 3113 538 3178 Notum
577 3125 625 3178 est
663 3113 796 3179 biennio
835 3127 1011 3204 postquam
1049 3115 1174 3201 primus
1212 3115 1253 3178 de
1290 3114 1388 3201 plebe

330 3219 444 3282 consul
468 3216 570 3281 sactus
594 3227 641 3280 est
663 3216 708 3298 (a.
731 3221 790 3282 364
813 3241 841 3281 a.
865 3215 961 3297 Cn),
982 3216 1139 3304 pestifero
1161 3217 1281 3281 morbo
1303 3239 1390 3303 gras-

329 3330 420 3384 sante
442 3316 615 3382 infinibus
637 3319 809 3398 Romanis,
836 3319 931 3383 ludos
959 3342 1028 3383 esse
1051 3342 1090 3382 ex
1111 3319 1240 3384 Etruria
1263 3319 1390 3396 accitos,

328 3444 397 3486 non
419 3420 508 3508 quod
532 3443 582 3484 ars
608 3419 765 3508 placeret,
797 3422 853 3485 sed
881 3422 955 3510 quia
984 3433 1221 3486 consueverant
1246 3421 1389 3484 Romam

327 3545 390 3610 pro
412 3533 480 3588 arte
502 3522 599 3600 civili,
630 3523 825 3588 irruentibus
847 3523 880 3587 in
902 3524 1064 3588 civitatem
1086 3523 1237 3610 gravibus
1259 3522 1390 3587 calami·

326 3625 455 3702 tatibus,
468 3648 507 3690 ex
520 3626 732 3689 Etruscorum
751 3624 918 3712 disciplina
930 3626 1076 3710 religiosa
1090 3626 1260 3690 consilium
1275 3647 1389 3711 opem-

328 3749 392 3815 que
413 3749 578 3815 quaerere.
622 3726 717 3811 Quae
739 3726 925 3792 saltationes
947 3729 1016 3792 sine
1038 3729 1183 3792 carmine
1205 3727 1287 3804 ullo,
1318 3728 1388 3792 sine

327 3829 508 3893 carminum
531 3827 767 3892 imitandorum
789 3840 864 3892 actu
884 3829 1063 3908 institutae,
1092 3841 1128 3894 ut
1148 3828 1246 3894 tradit
1267 3829 1388 3906 Livius,

327 3931 477 4018 quamvis
498 3930 588 3995 omni
611 3929 742 3994 mimica
764 3929 891 3995 ratione
912 3931 1050 3996 caruisse
1072 3931 1256 4009 videantur,
1276 3941 1387 3994 tamen

327 4053 385 4096 cur
405 4031 601 4098 extrinsecus
624 4031 859 4119 exciperentur,
880 4030 968 4097 nulla
986 4031 1112 4097 ratione
1124 4032 1257 4118 intelligi
1269 4041 1387 4119 posset,

324 4195 537 4211 *αι-

371 4295 409 4367 ⁸¹)
426 4296 523 4354 Horat.
542 4298 629 4356 Cerni.
646 4298 694 4366 tv,
714 4300 754 4369 n,
771 4299 814 4356 2⁴.
831 4319 871 4374 sq.
890 4320 949 4358 curu
966 4298 1050 4358 selsel·
1067 4313 1128 4368 reta
1144 4302 1179 4358 et
1194 4301 1218 4371 1,
1237 4302 1278 4360 1².
1320 4322 1322 4327 ·
