<?xml version="1.0" encoding="UTF-8"?>
<!DOCTYPE html PUBLIC "-//W3C//DTD XHTML 1.0 Transitional//EN"
    "http://www.w3.org/TR/xhtml1/DTD/xhtml1-transitional.dtd">
<html xmlns="http://www.w3.org/1999/xhtml" xml:lang="en" lang="en">
 <head>
  <title>
</title>
<meta http-equiv="Content-Type" content="text/html;charset=utf-8" />
  <meta name='ocr-system' content='tesseract 3.04.00' />
  <meta name='ocr-capabilities' content='ocr_page ocr_carea ocr_par ocr_line ocrx_word'/>
</head>
<body>
  <div class='ocr_page' id='page_1' title='image "./originespoesisr00corsgoog/originespoesisr00corsgoog_0158.png"; bbox 0 0 3400 5042; ppageno 0'>
   <div class='ocr_carea' id='block_1_1' title="bbox 822 548 898 622">
    <p class='ocr_par' dir='ltr' id='par_1_1' title="bbox 822 548 898 622">
     <span class='ocr_line' id='line_1_1' title="bbox 822 548 898 622; baseline 0.026 -2"><span class='ocrx_word' id='word_1_1' title='bbox 822 548 898 622; x_wconf 78' lang='lat'><strong>148</strong></span> 
     </span>
    </p>
   </div>
   <div class='ocr_carea' id='block_1_2' title="bbox 281 707 1389 811">
    <p class='ocr_par' dir='ltr' id='par_1_2' title="bbox 281 707 1389 811">
     <span class='ocr_line' id='line_1_2' title="bbox 281 707 1389 811; baseline 0.003 -22"><span class='ocrx_word' id='word_1_2' title='bbox 281 769 283 773; x_wconf 91' lang='lat'><em>-</em></span> <span class='ocrx_word' id='word_1_3' title='bbox 329 735 403 803; x_wconf 87' lang='lat' dir='ltr'><strong>tata,</strong></span> <span class='ocrx_word' id='word_1_4' title='bbox 425 721 603 787; x_wconf 87' lang='lat' dir='ltr'><strong>vernaculis</strong></span> <span class='ocrx_word' id='word_1_5' title='bbox 624 721 808 799; x_wconf 85' lang='lat' dir='ltr'><strong>artificibus,</strong></span> <span class='ocrx_word' id='word_1_6' title='bbox 829 725 904 811; x_wconf 89' lang='lat' dir='ltr'><strong>quia</strong></span> <span class='ocrx_word' id='word_1_7' title='bbox 925 711 1154 788; x_wconf 46' lang='lat' dir='ltr'><strong>hister&#39;Tuseo</strong></span> <span class='ocrx_word' id='word_1_8' title='bbox 1177 726 1278 790; x_wconf 88' lang='lat' dir='ltr'><strong>verbo</strong></span> <span class='ocrx_word' id='word_1_9' title='bbox 1299 707 1389 792; x_wconf 88' lang='lat' dir='ltr'><strong>ludio</strong></span> 
     </span>
    </p>
   </div>
   <div class='ocr_carea' id='block_1_3' title="bbox 330 815 1495 915">
    <p class='ocr_par' dir='ltr' id='par_1_3' title="bbox 330 815 1495 915">
     <span class='ocr_line' id='line_1_3' title="bbox 330 815 1495 915; baseline 0.003 -26"><span class='ocrx_word' id='word_1_10' title='bbox 330 826 520 903; x_wconf 89' lang='lat' dir='ltr'><strong>vocabatur,</strong></span> <span class='ocrx_word' id='word_1_11' title='bbox 552 843 675 895; x_wconf 84' lang='lat' dir='ltr'><strong>nomen</strong></span> <span class='ocrx_word' id='word_1_12' title='bbox 702 815 1094 903; x_wconf 80' lang='lat' dir='ltr'><strong>histrionibus‘inditum,</strong></span> <span class='ocrx_word' id='word_1_13' title='bbox 1132 827 1187 915; x_wconf 90' lang='lat' dir='ltr'><strong>qui</strong></span> <span class='ocrx_word' id='word_1_14' title='bbox 1214 851 1282 892; x_wconf 89' lang='lat' dir='ltr'><strong>non</strong></span> <span class='ocrx_word' id='word_1_15' title='bbox 1308 828 1391 892; x_wconf 87' lang='lat' dir='ltr'><strong>sicut</strong></span> <span class='ocrx_word' id='word_1_16' title='bbox 1492 896 1495 899; x_wconf 11' lang='grc' dir='ltr'><strong>Α</strong></span> 
     </span>
    </p>
   </div>
   <div class='ocr_carea' id='block_1_4' title="bbox 289 925 1390 1014">
    <p class='ocr_par' dir='ltr' id='par_1_4' title="bbox 289 925 1390 1014">
     <span class='ocr_line' id='line_1_4' title="bbox 289 925 1390 1014; baseline -0.003 -17"><span class='ocrx_word' id='word_1_17' title='bbox 289 993 291 998; x_wconf 85' lang='grc'><strong>.</strong></span> <span class='ocrx_word' id='word_1_18' title='bbox 329 940 405 994; x_wconf 83' lang='lat' dir='ltr'><strong>ante</strong></span> <span class='ocrx_word' id='word_1_19' title='bbox 428 925 633 992; x_wconf 83' lang='lat' dir='ltr'><strong>Fescennino</strong></span> <span class='ocrx_word' id='word_1_20' title='bbox 666 948 761 990; x_wconf 87' lang='lat' dir='ltr'><strong>versu</strong></span> <span class='ocrx_word' id='word_1_21' title='bbox 795 927 935 992; x_wconf 79' lang='lat' dir='ltr'><strong>similem</strong></span> <span class='ocrx_word' id='word_1_22' title='bbox 973 927 1229 1014; x_wconf 90' lang='lat' dir='ltr'><strong>incompositum</strong></span> <span class='ocrx_word' id='word_1_23' title='bbox 1266 939 1390 994; x_wconf 83' lang='lat' dir='ltr'><strong>temere</strong></span> 
     </span>
    </p>
   </div>
   <div class='ocr_carea' id='block_1_5' title="bbox 191 1027 1390 1115">
    <p class='ocr_par' dir='ltr' id='par_1_5' title="bbox 191 1027 1390 1115">
     <span class='ocr_line' id='line_1_5' title="bbox 191 1027 1390 1115; baseline 0.001 -21"><span class='ocrx_word' id='word_1_24' title='bbox 191 1033 192 1036; x_wconf 69' lang='grc'>’</span> <span class='ocrx_word' id='word_1_25' title='bbox 215 1090 216 1094; x_wconf 75' lang='grc'>,</span> <span class='ocrx_word' id='word_1_26' title='bbox 330 1053 366 1095; x_wconf 88' lang='lat' dir='ltr'><strong>ac</strong></span> <span class='ocrx_word' id='word_1_27' title='bbox 387 1029 503 1094; x_wconf 87' lang='lat' dir='ltr'><strong>rudem</strong></span> <span class='ocrx_word' id='word_1_28' title='bbox 525 1027 655 1094; x_wconf 75' lang='lat' dir='ltr'>alternis</span> <span class='ocrx_word' id='word_1_29' title='bbox 675 1028 848 1109; x_wconf 83' lang='lat' dir='ltr'><strong>jaciebant;</strong></span> <span class='ocrx_word' id='word_1_30' title='bbox 880 1028 936 1094; x_wconf 84' lang='lat' dir='ltr'><strong>sed</strong></span> <span class='ocrx_word' id='word_1_31' title='bbox 959 1027 1108 1115; x_wconf 85' lang='lat' dir='ltr'><strong>impletas</strong></span> <span class='ocrx_word' id='word_1_32' title='bbox 1130 1031 1237 1095; x_wconf 92' lang='lat' dir='ltr'><strong>modis</strong></span> <span class='ocrx_word' id='word_1_33' title='bbox 1259 1044 1390 1108; x_wconf 88' lang='lat' dir='ltr'><strong>saturas,</strong></span> 
     </span>
    </p>
   </div>
   <div class='ocr_carea' id='block_1_6' title="bbox 260 1123 1390 1423">
    <p class='ocr_par' dir='ltr' id='par_1_6' title="bbox 260 1123 1390 1423">
     <span class='ocr_line' id='line_1_6' title="bbox 260 1123 1390 1221; baseline 0 -25"><span class='ocrx_word' id='word_1_34' title='bbox 260 1123 262 1126; x_wconf 34' lang='lat'>⁵</span> <span class='ocrx_word' id='word_1_35' title='bbox 329 1131 492 1218; x_wconf 88' lang='lat' dir='ltr'><strong>descripto</strong></span> <span class='ocrx_word' id='word_1_36' title='bbox 519 1131 585 1212; x_wconf 87' lang='lat' dir='ltr'><strong>jam</strong></span> <span class='ocrx_word' id='word_1_37' title='bbox 607 1128 648 1194; x_wconf 89' lang='lat' dir='ltr'><strong>ad</strong></span> <span class='ocrx_word' id='word_1_38' title='bbox 670 1129 834 1196; x_wconf 84' lang='lat' dir='ltr'><strong>tibicinem</strong></span> <span class='ocrx_word' id='word_1_39' title='bbox 857 1143 968 1210; x_wconf 89' lang='lat' dir='ltr'><strong>cantu,</strong></span> <span class='ocrx_word' id='word_1_40' title='bbox 1002 1143 1161 1219; x_wconf 88' lang='lat' dir='ltr'><strong>motuque</strong></span> <span class='ocrx_word' id='word_1_41' title='bbox 1189 1133 1390 1221; x_wconf 78' lang='lat' dir='ltr'><strong>congruenti,</strong></span> 
     </span>
     <span class='ocr_line' id='line_1_7' title="bbox 327 1233 555 1320; baseline -0.013 -22"><span class='ocrx_word' id='word_1_42' title='bbox 327 1233 555 1320; x_wconf 73' lang='lat' dir='ltr'><strong>peragebant«</strong></span> 
     </span>
     <span class='ocr_line' id='line_1_8' title="bbox 412 1334 1388 1423; baseline 0 -24"><span class='ocrx_word' id='word_1_43' title='bbox 412 1337 482 1399; x_wconf 88' lang='lat' dir='ltr'><strong>Hae</strong></span> <span class='ocrx_word' id='word_1_44' title='bbox 506 1334 601 1420; x_wconf 89' lang='lat' dir='ltr'><strong>igitur</strong></span> <span class='ocrx_word' id='word_1_45' title='bbox 623 1344 748 1398; x_wconf 85' lang='lat' dir='ltr'><strong>saturae</strong></span> <span class='ocrx_word' id='word_1_46' title='bbox 770 1345 806 1398; x_wconf 93' lang='lat' dir='ltr'><strong>ut</strong></span> <span class='ocrx_word' id='word_1_47' title='bbox 833 1347 1085 1421; x_wconf 74' lang='lat' dir='ltr'><strong>cognoscantur,</strong></span> <span class='ocrx_word' id='word_1_48' title='bbox 1118 1337 1229 1423; x_wconf 88' lang='lat' dir='ltr'><strong>quales</strong></span> <span class='ocrx_word' id='word_1_49' title='bbox 1257 1336 1388 1413; x_wconf 87' lang='lat' dir='ltr'><strong>suerint,</strong></span> 
     </span>
    </p>
   </div>
   <div class='ocr_carea' id='block_1_7' title="bbox 205 1433 1387 1523">
    <p class='ocr_par' dir='ltr' id='par_1_7' title="bbox 205 1433 1387 1523">
     <span class='ocr_line' id='line_1_9' title="bbox 205 1433 1387 1523; baseline -0.002 -20"><span class='ocrx_word' id='word_1_50' title='bbox 205 1433 207 1436; x_wconf 49' lang='grc'>’</span> <span class='ocrx_word' id='word_1_51' title='bbox 320 1436 587 1523; x_wconf 55' lang='lat' dir='ltr'><strong>¹investigandum</strong></span> <span class='ocrx_word' id='word_1_52' title='bbox 610 1445 658 1498; x_wconf 89' lang='lat' dir='ltr'><strong>est</strong></span> <span class='ocrx_word' id='word_1_53' title='bbox 683 1434 873 1522; x_wconf 87' lang='lat' dir='ltr'><strong>praecipue,</strong></span> <span class='ocrx_word' id='word_1_54' title='bbox 906 1459 969 1523; x_wconf 89' lang='lat' dir='ltr'><strong>qua</strong></span> <span class='ocrx_word' id='word_1_55' title='bbox 991 1441 1115 1502; x_wconf 88' lang='lat' dir='ltr'><strong>ratione</strong></span> <span class='ocrx_word' id='word_1_56' title='bbox 1137 1462 1154 1502; x_wconf 87' lang='lat' dir='ltr'><strong>a</strong></span> <span class='ocrx_word' id='word_1_57' title='bbox 1177 1439 1387 1503; x_wconf 85' lang='lat' dir='ltr'><strong>Fescenninis</strong></span> 
     </span>
    </p>
   </div>
   <div class='ocr_carea' id='block_1_8' title="bbox 327 1536 1389 1729">
    <p class='ocr_par' dir='ltr' id='par_1_8' title="bbox 327 1536 1389 1729">
     <span class='ocr_line' id='line_1_10' title="bbox 327 1536 1389 1625; baseline 0.001 -22"><span class='ocrx_word' id='word_1_58' title='bbox 327 1539 474 1604; x_wconf 86' lang='lat' dir='ltr'><strong>versibus</strong></span> <span class='ocrx_word' id='word_1_59' title='bbox 497 1537 642 1601; x_wconf 86' lang='lat' dir='ltr'><strong>diversae</strong></span> <span class='ocrx_word' id='word_1_60' title='bbox 664 1536 795 1601; x_wconf 86' lang='lat' dir='ltr'><strong>luerint.</strong></span> <span class='ocrx_word' id='word_1_61' title='bbox 840 1536 987 1611; x_wconf 85' lang='lat' dir='ltr'><strong>Primum</strong></span> <span class='ocrx_word' id='word_1_62' title='bbox 1008 1538 1107 1625; x_wconf 88' lang='lat' dir='ltr'><strong>igitur</strong></span> <span class='ocrx_word' id='word_1_63' title='bbox 1132 1542 1199 1621; x_wconf 87' lang='lat' dir='ltr'><strong>jam</strong></span> <span class='ocrx_word' id='word_1_64' title='bbox 1221 1537 1389 1604; x_wconf 84' lang='lat' dir='ltr'><strong>Casaubo-</strong></span> 
     </span>
     <span class='ocr_line' id='line_1_11' title="bbox 327 1637 1387 1729; baseline 0 -23"><span class='ocrx_word' id='word_1_65' title='bbox 327 1665 388 1706; x_wconf 90' lang='lat' dir='ltr'><strong>nus</strong></span> <span class='ocrx_word' id='word_1_66' title='bbox 411 1638 659 1716; x_wconf 86' lang='lat' dir='ltr'><strong>demonstravit,</strong></span> <span class='ocrx_word' id='word_1_67' title='bbox 687 1648 827 1702; x_wconf 88' lang='lat' dir='ltr'><strong>saturam</strong></span> <span class='ocrx_word' id='word_1_68' title='bbox 850 1637 1078 1706; x_wconf 84' lang='lat' dir='ltr'><strong>Romanorum</strong></span> <span class='ocrx_word' id='word_1_69' title='bbox 1101 1643 1268 1729; x_wconf 86' lang='lat' dir='ltr'><strong>antiquam</strong></span> <span class='ocrx_word' id='word_1_70' title='bbox 1290 1641 1387 1729; x_wconf 86' lang='lat' dir='ltr'><strong>plane</strong></span> 
     </span>
    </p>
   </div>
   <div class='ocr_carea' id='block_1_9' title="bbox 205 1739 1434 1830">
    <p class='ocr_par' dir='ltr' id='par_1_9' title="bbox 205 1739 1434 1830">
     <span class='ocr_line' id='line_1_12' title="bbox 205 1739 1434 1830; baseline 0.007 -26"><span class='ocrx_word' id='word_1_71' title='bbox 205 1805 213 1830; x_wconf 18' lang='grc' dir='ltr'><strong>ζ,</strong></span> <span class='ocrx_word' id='word_1_72' title='bbox 257 1803 261 1811; x_wconf 85' lang='grc'><em>,</em></span> <span class='ocrx_word' id='word_1_73' title='bbox 285 1741 558 1828; x_wconf 50' lang='lat' dir='ltr'><strong>¹„sejungendum</strong></span> <span class='ocrx_word' id='word_1_74' title='bbox 581 1763 649 1812; x_wconf 79' lang='lat' dir='ltr'><strong>esse</strong></span> <span class='ocrx_word' id='word_1_75' title='bbox 671 1739 896 1812; x_wconf 83' lang='lat' dir='ltr'><strong>aGraecorurr</strong></span> <span class='ocrx_word' id='word_1_76' title='bbox 911 1743 1054 1829; x_wconf 61' lang='lat' dir='ltr'><strong>„satyrico</strong></span> <span class='ocrx_word' id='word_1_77' title='bbox 1077 1742 1232 1821; x_wconf 80' lang='lat' dir='ltr'><strong>dramate,</strong></span> <span class='ocrx_word' id='word_1_78' title='bbox 1250 1742 1387 1812; x_wconf 67' lang='lat' dir='ltr'><strong>⁴neonisi</strong></span> <span class='ocrx_word' id='word_1_79' title='bbox 1431 1809 1434 1813; x_wconf 79' lang='grc'><strong><em>,</em></strong></span> 
     </span>
    </p>
   </div>
   <div class='ocr_carea' id='block_1_10' title="bbox 326 1841 1388 2338">
    <p class='ocr_par' dir='ltr' id='par_1_10' title="bbox 326 1841 1388 2338">
     <span class='ocr_line' id='line_1_13' title="bbox 326 1841 1388 1930; baseline 0 -22"><span class='ocrx_word' id='word_1_80' title='bbox 326 1844 477 1908; x_wconf 85' lang='lat' dir='ltr'><strong>fortuitas</strong></span> <span class='ocrx_word' id='word_1_81' title='bbox 500 1841 657 1930; x_wconf 87' lang='lat' dir='ltr'><strong>quasdam</strong></span> <span class='ocrx_word' id='word_1_82' title='bbox 670 1841 898 1906; x_wconf 85' lang='lat' dir='ltr'><strong>similitudines</strong></span> <span class='ocrx_word' id='word_1_83' title='bbox 910 1865 1020 1929; x_wconf 90' lang='lat' dir='ltr'><strong>rerum</strong></span> <span class='ocrx_word' id='word_1_84' title='bbox 1033 1855 1241 1908; x_wconf 82' lang='lat' dir='ltr'><strong>externarum</strong></span> <span class='ocrx_word' id='word_1_85' title='bbox 1255 1844 1388 1908; x_wconf 89' lang='lat' dir='ltr'><strong>interce·</strong></span> 
     </span>
     <span class='ocr_line' id='line_1_14' title="bbox 327 1944 1384 2032; baseline -0.001 -23"><span class='ocrx_word' id='word_1_86' title='bbox 327 1946 404 2010; x_wconf 93' lang='lat' dir='ltr'><strong>dere</strong></span> <span class='ocrx_word' id='word_1_87' title='bbox 416 1947 499 2008; x_wconf 87' lang='lat' dir='ltr'><strong>inter</strong></span> <span class='ocrx_word' id='word_1_88' title='bbox 510 1955 684 2030; x_wconf 85' lang='lat' dir='ltr'><strong>utrumque</strong></span> <span class='ocrx_word' id='word_1_89' title='bbox 695 1967 805 2030; x_wconf 88' lang='lat' dir='ltr'><strong>genus,</strong></span> <span class='ocrx_word' id='word_1_90' title='bbox 817 1945 934 2030; x_wconf 87' lang='lat' dir='ltr'><strong>quibus</strong></span> <span class='ocrx_word' id='word_1_91' title='bbox 946 1944 1070 2032; x_wconf 81' lang='lat' dir='ltr'><strong>antiqui</strong></span> <span class='ocrx_word' id='word_1_92' title='bbox 1081 1947 1282 2032; x_wconf 89' lang='lat' dir='ltr'><strong>grammatici</strong></span> <span class='ocrx_word' id='word_1_93' title='bbox 1295 1946 1326 2010; x_wconf 91' lang='lat' dir='ltr'><strong>in</strong></span> <span class='ocrx_word' id='word_1_94' title='bbox 1339 1969 1384 2008; x_wconf 91' lang='lat' dir='ltr'><strong>er·</strong></span> 
     </span>
     <span class='ocr_line' id='line_1_15' title="bbox 326 2045 1387 2134; baseline -0.001 -21"><span class='ocrx_word' id='word_1_95' title='bbox 326 2068 488 2113; x_wconf 90' lang='lat' dir='ltr'><strong>rorem-se</strong></span> <span class='ocrx_word' id='word_1_96' title='bbox 508 2046 624 2110; x_wconf 88' lang='lat' dir='ltr'><strong>abduci</strong></span> <span class='ocrx_word' id='word_1_97' title='bbox 642 2045 725 2132; x_wconf 90' lang='lat' dir='ltr'><strong>passi</strong></span> <span class='ocrx_word' id='word_1_98' title='bbox 743 2045 847 2124; x_wconf 81' lang='lat' dir='ltr'><strong>sint³).</strong></span> <span class='ocrx_word' id='word_1_99' title='bbox 870 2045 999 2110; x_wconf 83' lang='lat' dir='ltr'><strong>Deinde</strong></span> <span class='ocrx_word' id='word_1_100' title='bbox 1011 2047 1179 2123; x_wconf 86' lang='lat' dir='ltr'><strong>Stievium,</strong></span> <span class='ocrx_word' id='word_1_101' title='bbox 1198 2047 1253 2134; x_wconf 94' lang='lat' dir='ltr'><strong>qui</strong></span> <span class='ocrx_word' id='word_1_102' title='bbox 1266 2047 1387 2134; x_wconf 77' lang='lat' dir='ltr'><strong>colligit</strong></span> 
     </span>
     <span class='ocr_line' id='line_1_16' title="bbox 327 2148 1387 2234; baseline -0.002 -20"><span class='ocrx_word' id='word_1_103' title='bbox 327 2174 344 2214; x_wconf 93' lang='lat' dir='ltr'><strong>e</strong></span> <span class='ocrx_word' id='word_1_104' title='bbox 367 2148 449 2212; x_wconf 82' lang='lat' dir='ltr'><strong>Livii</strong></span> <span class='ocrx_word' id='word_1_105' title='bbox 466 2149 594 2225; x_wconf 75' lang='lat' dir='ltr'><strong>verbis,</strong></span> <span class='ocrx_word' id='word_1_106' title='bbox 615 2159 738 2212; x_wconf 84' lang='lat' dir='ltr'><strong>saturas</strong></span> <span class='ocrx_word' id='word_1_107' title='bbox 761 2171 778 2210; x_wconf 93' lang='lat' dir='ltr'><strong>e</strong></span> <span class='ocrx_word' id='word_1_108' title='bbox 801 2148 905 2233; x_wconf 82' lang='lat' dir='ltr'><strong>poetis</strong></span> <span class='ocrx_word' id='word_1_109' title='bbox 928 2148 1124 2234; x_wconf 90' lang='lat' dir='ltr'><strong>quibusdam</strong></span> <span class='ocrx_word' id='word_1_110' title='bbox 1148 2150 1273 2213; x_wconf 89' lang='lat' dir='ltr'><strong>ratione</strong></span> <span class='ocrx_word' id='word_1_111' title='bbox 1295 2172 1387 2214; x_wconf 87' lang='lat' dir='ltr'><strong>com-</strong></span> 
     </span>
     <span class='ocr_line' id='line_1_17' title="bbox 326 2247 1386 2338; baseline 0 -23"><span class='ocrx_word' id='word_1_112' title='bbox 326 2250 448 2338; x_wconf 85' lang='lat' dir='ltr'><strong>positas</strong></span> <span class='ocrx_word' id='word_1_113' title='bbox 471 2255 589 2328; x_wconf 88' lang='lat' dir='ltr'><strong>esse⁴),</strong></span> <span class='ocrx_word' id='word_1_114' title='bbox 615 2247 733 2313; x_wconf 80' lang='lat' dir='ltr'><strong>refellit</strong></span> <span class='ocrx_word' id='word_1_115' title='bbox 754 2248 958 2329; x_wconf 63' lang='lat' dir='ltr'><strong>Munlciusl),</strong></span> <span class='ocrx_word' id='word_1_116' title='bbox 990 2251 1044 2337; x_wconf 92' lang='lat' dir='ltr'><strong>qui</strong></span> <span class='ocrx_word' id='word_1_117' title='bbox 1067 2273 1134 2314; x_wconf 89' lang='lat' dir='ltr'><strong>non</strong></span> <span class='ocrx_word' id='word_1_118' title='bbox 1155 2262 1240 2315; x_wconf 85' lang='lat' dir='ltr'><strong>totas</strong></span> <span class='ocrx_word' id='word_1_119' title='bbox 1262 2263 1386 2316; x_wconf 89' lang='lat' dir='ltr'><strong>saturas</strong></span> 
     </span>
    </p>
   </div>
   <div class='ocr_carea' id='block_1_11' title="bbox 212 2351 1386 2438">
    <p class='ocr_par' dir='ltr' id='par_1_11' title="bbox 212 2351 1386 2438">
     <span class='ocr_line' id='line_1_18' title="bbox 212 2351 1386 2438; baseline -0.001 -20"><span class='ocrx_word' id='word_1_120' title='bbox 212 2377 216 2380; x_wconf 85' lang='lat'>·</span> <span class='ocrx_word' id='word_1_121' title='bbox 326 2351 593 2418; x_wconf 87' lang='lat' dir='ltr'><strong>cumsaltatione</strong></span> <span class='ocrx_word' id='word_1_122' title='bbox 610 2361 750 2415; x_wconf 83' lang='lat' dir='ltr'><strong>cantatas</strong></span> <span class='ocrx_word' id='word_1_123' title='bbox 768 2374 837 2415; x_wconf 89' lang='lat' dir='ltr'><strong>esse</strong></span> <span class='ocrx_word' id='word_1_124' title='bbox 853 2351 1036 2428; x_wconf 89' lang='lat' dir='ltr'><strong>arbitratur,</strong></span> <span class='ocrx_word' id='word_1_125' title='bbox 1058 2352 1115 2416; x_wconf 89' lang='lat' dir='ltr'><strong>sed</strong></span> <span class='ocrx_word' id='word_1_126' title='bbox 1127 2353 1240 2417; x_wconf 87' lang='lat' dir='ltr'><strong>verba:</strong></span> <span class='ocrx_word' id='word_1_127' title='bbox 1264 2359 1386 2438; x_wconf 74' lang='lat' dir='ltr'><strong>»buple-</strong></span> 
     </span>
    </p>
   </div>
   <div class='ocr_carea' id='block_1_12' title="bbox 234 2452 1412 3761">
    <p class='ocr_par' dir='ltr' id='par_1_12' title="bbox 234 2452 1412 3761">
     <span class='ocr_line' id='line_1_19' title="bbox 325 2452 1386 2539; baseline -0.001 -19"><span class='ocrx_word' id='word_1_128' title='bbox 325 2471 375 2520; x_wconf 85' lang='lat' dir='ltr'><strong>tos</strong></span> <span class='ocrx_word' id='word_1_129' title='bbox 396 2460 491 2519; x_wconf 72' lang='lat' dir='ltr'><strong>modis</strong></span> <span class='ocrx_word' id='word_1_130' title='bbox 511 2468 655 2523; x_wconf 69' lang='lat' dir='ltr'><strong>saturas«</strong></span> <span class='ocrx_word' id='word_1_131' title='bbox 683 2452 932 2539; x_wconf 87' lang='lat' dir='ltr'><strong>interpretatur:</strong></span> <span class='ocrx_word' id='word_1_132' title='bbox 964 2459 1084 2532; x_wconf 68' lang='lat' dir='ltr'><strong>singula</strong></span> <span class='ocrx_word' id='word_1_133' title='bbox 1111 2465 1237 2518; x_wconf 88' lang='lat' dir='ltr'><strong>tantum</strong></span> <span class='ocrx_word' id='word_1_134' title='bbox 1264 2461 1386 2519; x_wconf 72' lang='lat' dir='ltr'><strong>cautim</strong></span> 
     </span>
     <span class='ocr_line' id='line_1_20' title="bbox 325 2555 1385 2637; baseline -0.002 -15"><span class='ocrx_word' id='word_1_135' title='bbox 325 2557 532 2622; x_wconf 85' lang='lat' dir='ltr'><strong>sermonibus</strong></span> <span class='ocrx_word' id='word_1_136' title='bbox 559 2556 719 2633; x_wconf 87' lang='lat' dir='ltr'><strong>immixta,</strong></span> <span class='ocrx_word' id='word_1_137' title='bbox 735 2557 783 2618; x_wconf 68' lang='lat' dir='ltr'><strong>‘et</strong></span> <span class='ocrx_word' id='word_1_138' title='bbox 809 2569 934 2619; x_wconf 78' lang='lat' dir='ltr'><strong>suturae</strong></span> <span class='ocrx_word' id='word_1_139' title='bbox 959 2578 1081 2619; x_wconf 91' lang='lat' dir='ltr'><strong>nomen</strong></span> <span class='ocrx_word' id='word_1_140' title='bbox 1108 2579 1126 2619; x_wconf 87' lang='lat' dir='ltr'><strong>a</strong></span> <span class='ocrx_word' id='word_1_141' title='bbox 1154 2555 1385 2637; x_wconf 82' lang='lat' dir='ltr'><strong>conjunctione</strong></span> 
     </span>
     <span class='ocr_line' id='line_1_21' title="bbox 325 2654 1385 2744; baseline -0.002 -21"><span class='ocrx_word' id='word_1_142' title='bbox 325 2659 518 2734; x_wconf 85' lang='lat' dir='ltr'><strong>verborum,</strong></span> <span class='ocrx_word' id='word_1_143' title='bbox 550 2668 677 2735; x_wconf 81' lang='lat' dir='ltr'><strong>cantus,</strong></span> <span class='ocrx_word' id='word_1_144' title='bbox 709 2654 887 2720; x_wconf 81' lang='lat' dir='ltr'><strong>saltationis</strong></span> <span class='ocrx_word' id='word_1_145' title='bbox 908 2655 1032 2721; x_wconf 88' lang='lat' dir='ltr'><strong>dictum</strong></span> <span class='ocrx_word' id='word_1_146' title='bbox 1053 2658 1179 2744; x_wconf 87' lang='lat' dir='ltr'><strong>repetit.</strong></span> <span class='ocrx_word' id='word_1_147' title='bbox 1231 2661 1275 2722; x_wconf 76' lang='lat' dir='ltr'><strong>Ar</strong></span> <span class='ocrx_word' id='word_1_148' title='bbox 1296 2657 1385 2721; x_wconf 91' lang='lat' dir='ltr'><strong>enim</strong></span> 
     </span>
     <span class='ocr_line' id='line_1_22' title="bbox 234 2755 1384 2846; baseline 0 -22"><span class='ocrx_word' id='word_1_149' title='bbox 234 2784 238 2791; x_wconf 95' lang='lat'><em>·</em></span> <span class='ocrx_word' id='word_1_150' title='bbox 325 2760 473 2826; x_wconf 87' lang='lat' dir='ltr'><strong>videmus</strong></span> <span class='ocrx_word' id='word_1_151' title='bbox 500 2759 532 2824; x_wconf 92' lang='lat' dir='ltr'><strong>in</strong></span> <span class='ocrx_word' id='word_1_152' title='bbox 562 2759 714 2823; x_wconf 88' lang='lat' dir='ltr'><strong>omnibus</strong></span> <span class='ocrx_word' id='word_1_153' title='bbox 747 2755 817 2823; x_wconf 83' lang='lat' dir='ltr'><strong>fere</strong></span> <span class='ocrx_word' id='word_1_154' title='bbox 843 2755 886 2822; x_wconf 90' lang='lat' dir='ltr'><strong>de</strong></span> <span class='ocrx_word' id='word_1_155' title='bbox 913 2759 1038 2844; x_wconf 89' lang='lat' dir='ltr'><strong>quibus.</strong></span> <span class='ocrx_word' id='word_1_156' title='bbox 1060 2758 1185 2846; x_wconf 87' lang='lat' dir='ltr'><strong>egimus</strong></span> <span class='ocrx_word' id='word_1_157' title='bbox 1215 2758 1384 2845; x_wconf 87' lang='lat' dir='ltr'><strong>popularis</strong></span> 
     </span>
     <span class='ocr_line' id='line_1_23' title="bbox 324 2856 1412 2951; baseline -0.003 -24"><span class='ocrx_word' id='word_1_158' title='bbox 324 2861 432 2951; x_wconf 88' lang='lat' dir='ltr'><strong>poesis</strong></span> <span class='ocrx_word' id='word_1_159' title='bbox 453 2861 627 2948; x_wconf 87' lang='lat' dir='ltr'><strong>generibus</strong></span> <span class='ocrx_word' id='word_1_160' title='bbox 648 2856 767 2924; x_wconf 85' lang='lat' dir='ltr'><strong>harum</strong></span> <span class='ocrx_word' id='word_1_161' title='bbox 789 2880 902 2922; x_wconf 86' lang='lat' dir='ltr'><strong>rerum</strong></span> <span class='ocrx_word' id='word_1_162' title='bbox 924 2861 1079 2924; x_wconf 83' lang='lat' dir='ltr'><strong>exstitisse</strong></span> <span class='ocrx_word' id='word_1_163' title='bbox 1101 2861 1284 2924; x_wconf 87' lang='lat' dir='ltr'><strong>rudimenta</strong></span> <span class='ocrx_word' id='word_1_164' title='bbox 1306 2883 1385 2924; x_wconf 90' lang='lat' dir='ltr'><strong>con·</strong></span> <span class='ocrx_word' id='word_1_165' title='bbox 1410 2940 1412 2942; x_wconf 7' lang='lat' dir='ltr'>V</span> 
     </span>
     <span class='ocr_line' id='line_1_24' title="bbox 323 2960 1383 3051; baseline -0.003 -22"><span class='ocrx_word' id='word_1_166' title='bbox 323 2967 445 3047; x_wconf 87' lang='lat' dir='ltr'><strong>juncta,</strong></span> <span class='ocrx_word' id='word_1_167' title='bbox 466 2964 606 3051; x_wconf 87' lang='lat' dir='ltr'><strong>ideoque</strong></span> <span class='ocrx_word' id='word_1_168' title='bbox 628 2961 753 3025; x_wconf 88' lang='lat' dir='ltr'><strong>ratione</strong></span> <span class='ocrx_word' id='word_1_169' title='bbox 776 2983 886 3025; x_wconf 90' lang='lat' dir='ltr'><strong>carere</strong></span> <span class='ocrx_word' id='word_1_170' title='bbox 904 2960 1049 3048; x_wconf 70' lang='lat' dir='ltr'><strong>ridetur,</strong></span> <span class='ocrx_word' id='word_1_171' title='bbox 1082 2961 1170 3050; x_wconf 91' lang='lat' dir='ltr'><strong>quod</strong></span> <span class='ocrx_word' id='word_1_172' title='bbox 1193 2960 1259 3025; x_wconf 89' lang='lat' dir='ltr'><strong>hoc</strong></span> <span class='ocrx_word' id='word_1_173' title='bbox 1280 2985 1383 3026; x_wconf 87' lang='lat' dir='ltr'><strong>unum</strong></span> 
     </span>
     <span class='ocr_line' id='line_1_25' title="bbox 323 3046 1383 3153; baseline -0.001 -24"><span class='ocrx_word' id='word_1_174' title='bbox 323 3089 424 3153; x_wconf 86' lang='lat' dir='ltr'><strong>genus</strong></span> <span class='ocrx_word' id='word_1_175' title='bbox 447 3077 629 3129; x_wconf 89' lang='lat' dir='ltr'><strong>saturarum</strong></span> <span class='ocrx_word' id='word_1_176' title='bbox 642 3063 717 3127; x_wconf 92' lang='lat' dir='ltr'><strong>inde</strong></span> <span class='ocrx_word' id='word_1_177' title='bbox 728 3062 936 3150; x_wconf 85' lang='lat' dir='ltr'><strong>potissimum</strong></span> <span class='ocrx_word' id='word_1_178' title='bbox 954 3086 1079 3130; x_wconf 88' lang='lat' dir='ltr'><strong>nomen</strong></span> <span class='ocrx_word' id='word_1_179' title='bbox 1095 3046 1237 3128; x_wconf 75' lang='lat' dir='ltr'><strong>traxerit.</strong></span> <span class='ocrx_word' id='word_1_180' title='bbox 1271 3066 1383 3151; x_wconf 84' lang='lat' dir='ltr'><strong>ltaque</strong></span> 
     </span>
     <span class='ocr_line' id='line_1_26' title="bbox 323 3163 1383 3253; baseline -0.002 -21"><span class='ocrx_word' id='word_1_181' title='bbox 323 3169 442 3233; x_wconf 89' lang='lat' dir='ltr'><strong>rectius</strong></span> <span class='ocrx_word' id='word_1_182' title='bbox 466 3165 680 3230; x_wconf 89' lang='lat' dir='ltr'><strong>Casaubonus</strong></span> <span class='ocrx_word' id='word_1_183' title='bbox 701 3187 763 3251; x_wconf 91' lang='lat' dir='ltr'><strong>pro</strong></span> <span class='ocrx_word' id='word_1_184' title='bbox 786 3163 1018 3248; x_wconf 86' lang='lat' dir='ltr'><strong>significatione</strong></span> <span class='ocrx_word' id='word_1_185' title='bbox 1031 3165 1120 3230; x_wconf 87' lang='lat' dir='ltr'><strong>verbi</strong></span> <span class='ocrx_word' id='word_1_186' title='bbox 1132 3178 1229 3242; x_wconf 89' lang='lat' dir='ltr'><strong>satur,</strong></span> <span class='ocrx_word' id='word_1_187' title='bbox 1251 3165 1383 3253; x_wconf 87' lang='lat' dir='ltr'><strong>qualern</strong></span> 
     </span>
     <span class='ocr_line' id='line_1_27' title="bbox 314 3265 1383 3355; baseline -0.004 -21"><span class='ocrx_word' id='word_1_188' title='bbox 314 3271 356 3334; x_wconf 68' lang='lat' dir='ltr'><strong>‘in</strong></span> <span class='ocrx_word' id='word_1_189' title='bbox 370 3269 478 3334; x_wconf 85' lang='lat' dir='ltr'><strong>Arvali</strong></span> <span class='ocrx_word' id='word_1_190' title='bbox 497 3269 643 3333; x_wconf 63' lang='lat' dir='ltr'><strong>,carmine</strong></span> <span class='ocrx_word' id='word_1_191' title='bbox 664 3265 817 3331; x_wconf 89' lang='lat' dir='ltr'><strong>habuisse</strong></span> <span class='ocrx_word' id='word_1_192' title='bbox 839 3266 990 3344; x_wconf 90' lang='lat' dir='ltr'><strong>vidimus,</strong></span> <span class='ocrx_word' id='word_1_193' title='bbox 1011 3267 1086 3331; x_wconf 87' lang='lat' dir='ltr'><strong>inde</strong></span> <span class='ocrx_word' id='word_1_194' title='bbox 1105 3291 1173 3332; x_wconf 91' lang='lat' dir='ltr'><strong>esse</strong></span> <span class='ocrx_word' id='word_1_195' title='bbox 1185 3267 1383 3355; x_wconf 84' lang='lat' dir='ltr'><strong>appellatam</strong></span> 
     </span>
     <span class='ocr_line' id='line_1_28' title="bbox 322 3369 1384 3456; baseline -0.004 -20"><span class='ocrx_word' id='word_1_196' title='bbox 322 3384 464 3436; x_wconf 86' lang='lat' dir='ltr'><strong>saturam</strong></span> <span class='ocrx_word' id='word_1_197' title='bbox 487 3382 611 3448; x_wconf 88' lang='lat' dir='ltr'><strong>censet,</strong></span> <span class='ocrx_word' id='word_1_198' title='bbox 644 3369 732 3456; x_wconf 94' lang='lat' dir='ltr'><strong>quod</strong></span> <span class='ocrx_word' id='word_1_199' title='bbox 761 3391 829 3432; x_wconf 91' lang='lat' dir='ltr'><strong>non</strong></span> <span class='ocrx_word' id='word_1_200' title='bbox 858 3380 946 3432; x_wconf 89' lang='lat' dir='ltr'><strong>certo</strong></span> <span class='ocrx_word' id='word_1_201' title='bbox 973 3369 1194 3433; x_wconf 85' lang='lat' dir='ltr'><strong>contineretur</strong></span> <span class='ocrx_word' id='word_1_202' title='bbox 1221 3369 1266 3432; x_wconf 91' lang='lat' dir='ltr'><strong>rei</strong></span> <span class='ocrx_word' id='word_1_203' title='bbox 1289 3391 1384 3454; x_wconf 88' lang='lat' dir='ltr'><strong>argu-</strong></span> 
     </span>
     <span class='ocr_line' id='line_1_29' title="bbox 322 3469 1382 3558; baseline -0.004 -19"><span class='ocrx_word' id='word_1_204' title='bbox 322 3486 445 3551; x_wconf 89' lang='lat' dir='ltr'><strong>mento,</strong></span> <span class='ocrx_word' id='word_1_205' title='bbox 467 3473 523 3538; x_wconf 93' lang='lat' dir='ltr'><strong>sed</strong></span> <span class='ocrx_word' id='word_1_206' title='bbox 546 3472 681 3536; x_wconf 91' lang='lat' dir='ltr'><strong>omnino</strong></span> <span class='ocrx_word' id='word_1_207' title='bbox 703 3481 740 3533; x_wconf 92' lang='lat' dir='ltr'><strong>ut</strong></span> <span class='ocrx_word' id='word_1_208' title='bbox 760 3469 938 3533; x_wconf 85' lang='lat' dir='ltr'><strong>farciminis</strong></span> <span class='ocrx_word' id='word_1_209' title='bbox 950 3470 1118 3558; x_wconf 85' lang='lat' dir='ltr'><strong>quoddam</strong></span> <span class='ocrx_word' id='word_1_210' title='bbox 1129 3493 1232 3556; x_wconf 87' lang='lat' dir='ltr'><strong>genus</strong></span> <span class='ocrx_word' id='word_1_211' title='bbox 1242 3470 1382 3536; x_wconf 87' lang='lat' dir='ltr'><strong>mixtum</strong></span> 
     </span>
     <span class='ocr_line' id='line_1_30' title="bbox 322 3571 1383 3662; baseline -0.002 -24"><span class='ocrx_word' id='word_1_212' title='bbox 322 3576 515 3662; x_wconf 86' lang='lat' dir='ltr'><strong>variumque</strong></span> <span class='ocrx_word' id='word_1_213' title='bbox 540 3596 650 3638; x_wconf 90' lang='lat' dir='ltr'><strong>mores</strong></span> <span class='ocrx_word' id='word_1_214' title='bbox 677 3571 894 3658; x_wconf 87' lang='lat' dir='ltr'><strong>agricolarum</strong></span> <span class='ocrx_word' id='word_1_215' title='bbox 920 3572 1085 3659; x_wconf 90' lang='lat' dir='ltr'><strong>vitamque</strong></span> <span class='ocrx_word' id='word_1_216' title='bbox 1111 3571 1294 3658; x_wconf 87' lang='lat' dir='ltr'><strong>vulgarem,</strong></span> <span class='ocrx_word' id='word_1_217' title='bbox 1325 3573 1383 3636; x_wconf 93' lang='lat' dir='ltr'><strong>ad·</strong></span> 
     </span>
     <span class='ocr_line' id='line_1_31' title="bbox 321 3673 1382 3761; baseline -0.004 -19"><span class='ocrx_word' id='word_1_218' title='bbox 321 3677 428 3742; x_wconf 82' lang='lat' dir='ltr'><strong>mixtis</strong></span> <span class='ocrx_word' id='word_1_219' title='bbox 448 3677 545 3758; x_wconf 88' lang='lat' dir='ltr'><strong>jocis,</strong></span> <span class='ocrx_word' id='word_1_220' title='bbox 567 3673 720 3753; x_wconf 89' lang='lat' dir='ltr'><strong>dicteriis,</strong></span> <span class='ocrx_word' id='word_1_221' title='bbox 741 3673 1004 3760; x_wconf 88' lang='lat' dir='ltr'><strong>ambiguitatibus</strong></span> <span class='ocrx_word' id='word_1_222' title='bbox 1027 3674 1213 3753; x_wconf 88' lang='lat' dir='ltr'><strong>obscoenis,</strong></span> <span class='ocrx_word' id='word_1_223' title='bbox 1232 3674 1382 3761; x_wconf 86' lang='lat' dir='ltr'><strong>personis</strong></span> 
     </span>
    </p>
   </div>
   <div class='ocr_carea' id='block_1_13' title="bbox 375 3954 1382 4295">
    <p class='ocr_par' dir='ltr' id='par_1_13' title="bbox 378 3954 1382 4208">
     <span class='ocr_line' id='line_1_32' title="bbox 378 3954 1382 4032; baseline -0.002 -16"><span class='ocrx_word' id='word_1_224' title='bbox 378 3959 404 4030; x_wconf 78' lang='lat'><strong>³)</strong></span> <span class='ocrx_word' id='word_1_225' title='bbox 424 3959 613 4018; x_wconf 76' lang='lat' dir='ltr'><strong>Casaubonus:</strong></span> <span class='ocrx_word' id='word_1_226' title='bbox 649 3954 692 4016; x_wconf 85' lang='lat' dir='ltr'><strong>De</strong></span> <span class='ocrx_word' id='word_1_227' title='bbox 710 3960 831 4031; x_wconf 79' lang='lat' dir='ltr'><strong>satyrice</strong></span> <span class='ocrx_word' id='word_1_228' title='bbox 858 3959 1021 4016; x_wconf 83' lang='lat' dir='ltr'><strong>Graecorum</strong></span> <span class='ocrx_word' id='word_1_229' title='bbox 1048 3957 1125 4032; x_wconf 83' lang='lat' dir='ltr'><strong>poesi</strong></span> <span class='ocrx_word' id='word_1_230' title='bbox 1148 3972 1177 4014; x_wconf 88' lang='lat' dir='ltr'><strong>et</strong></span> <span class='ocrx_word' id='word_1_231' title='bbox 1200 3961 1382 4016; x_wconf 82' lang='lat' dir='ltr'><strong>Romanorum</strong></span> 
     </span>
     <span class='ocr_line' id='line_1_33' title="bbox 423 4046 1382 4122; baseline 0 -20"><span class='ocrx_word' id='word_1_232' title='bbox 423 4047 502 4103; x_wconf 81' lang='lat' dir='ltr'><strong>satira</strong></span> <span class='ocrx_word' id='word_1_233' title='bbox 519 4048 602 4113; x_wconf 64' lang='lat' dir='ltr'><strong>tuom</strong></span> <span class='ocrx_word' id='word_1_234' title='bbox 620 4050 715 4104; x_wconf 90' lang='lat' dir='ltr'><strong>iterum</strong></span> <span class='ocrx_word' id='word_1_235' title='bbox 734 4046 839 4102; x_wconf 88' lang='lat' dir='ltr'><strong>eddidit</strong></span> <span class='ocrx_word' id='word_1_236' title='bbox 856 4046 1033 4103; x_wconf 81' lang='lat' dir='ltr'><strong>Rambaehius</strong></span> <span class='ocrx_word' id='word_1_237' title='bbox 1053 4047 1128 4102; x_wconf 74' lang='lat'>1774.</span> <span class='ocrx_word' id='word_1_238' title='bbox 1146 4047 1181 4101; x_wconf 90' lang='lat' dir='ltr'><strong>ll.</strong></span> <span class='ocrx_word' id='word_1_239' title='bbox 1199 4049 1224 4101; x_wconf 79' lang='grc'><strong>4.</strong></span> <span class='ocrx_word' id='word_1_240' title='bbox 1238 4048 1382 4122; x_wconf 51' lang='grc' dir='ltr'><strong>Νῆις.</strong></span> 
     </span>
     <span class='ocr_line' id='line_1_34' title="bbox 425 4133 1199 4208; baseline -0.003 -18"><span class='ocrx_word' id='word_1_241' title='bbox 425 4135 466 4190; x_wconf 83' lang='lat' dir='ltr'><strong>Cf.</strong></span> <span class='ocrx_word' id='word_1_242' title='bbox 485 4134 597 4208; x_wconf 85' lang='lat' dir='ltr'><strong>Ruperti</strong></span> <span class='ocrx_word' id='word_1_243' title='bbox 615 4135 737 4206; x_wconf 83' lang='lat' dir='ltr'><strong>Prolegg.</strong></span> <span class='ocrx_word' id='word_1_244' title='bbox 756 4133 789 4188; x_wconf 84' lang='lat' dir='ltr'><strong>ad</strong></span> <span class='ocrx_word' id='word_1_245' title='bbox 807 4133 904 4188; x_wconf 83' lang='lat' dir='ltr'><strong>Juven.</strong></span> <span class='ocrx_word' id='word_1_246' title='bbox 923 4133 987 4188; x_wconf 86' lang='lat' dir='ltr'><strong>Vol.</strong></span> <span class='ocrx_word' id='word_1_247' title='bbox 1008 4135 1028 4187; x_wconf 88' lang='lat' dir='ltr'><strong>l.</strong></span> <span class='ocrx_word' id='word_1_248' title='bbox 1046 4155 1073 4207; x_wconf 84' lang='lat' dir='ltr'><strong>p.</strong></span> <span class='ocrx_word' id='word_1_249' title='bbox 1092 4134 1141 4188; x_wconf 85' lang='lat' dir='ltr'><strong>Xl.</strong></span> <span class='ocrx_word' id='word_1_250' title='bbox 1159 4153 1199 4207; x_wconf 80' lang='lat' dir='ltr'><strong>sq.</strong></span> 
     </span>
    </p>

    <p class='ocr_par' dir='ltr' id='par_1_14' title="bbox 375 4220 1110 4295">
     <span class='ocr_line' id='line_1_35' title="bbox 375 4220 1110 4295; baseline -0.004 -17"><span class='ocrx_word' id='word_1_251' title='bbox 375 4220 401 4292; x_wconf 82' lang='lat'><strong>⁴)</strong></span> <span class='ocrx_word' id='word_1_252' title='bbox 419 4223 511 4278; x_wconf 82' lang='lat' dir='ltr'><strong>Stiere</strong></span> <span class='ocrx_word' id='word_1_253' title='bbox 530 4223 564 4278; x_wconf 88' lang='lat' dir='ltr'><strong>de</strong></span> <span class='ocrx_word' id='word_1_254' title='bbox 581 4223 620 4279; x_wconf 90' lang='lat' dir='ltr'><strong>rei</strong></span> <span class='ocrx_word' id='word_1_255' title='bbox 637 4242 709 4280; x_wconf 82' lang='lat' dir='ltr'><strong>acen.</strong></span> <span class='ocrx_word' id='word_1_256' title='bbox 728 4241 768 4295; x_wconf 80' lang='lat' dir='ltr'><strong>ap.</strong></span> <span class='ocrx_word' id='word_1_257' title='bbox 787 4222 865 4276; x_wconf 84' lang='lat' dir='ltr'><strong>Rom.</strong></span> <span class='ocrx_word' id='word_1_258' title='bbox 883 4220 948 4294; x_wconf 76' lang='lat' dir='ltr'><strong>orig.</strong></span> <span class='ocrx_word' id='word_1_259' title='bbox 967 4240 993 4294; x_wconf 84' lang='lat' dir='ltr'><strong>p.</strong></span> <span class='ocrx_word' id='word_1_260' title='bbox 1010 4220 1052 4275; x_wconf 75' lang='grc'><strong>40.</strong></span> <span class='ocrx_word' id='word_1_261' title='bbox 1070 4242 1110 4294; x_wconf 82' lang='lat' dir='ltr'><strong>aq.</strong></span> 
     </span>
    </p>
   </div>
   <div class='ocr_carea' id='block_1_14' title="bbox 376 4305 865 4392">
    <p class='ocr_par' dir='ltr' id='par_1_15' title="bbox 376 4305 865 4392">
     <span class='ocr_line' id='line_1_36' title="bbox 376 4305 865 4392; baseline -0.008 -24"><span class='ocrx_word' id='word_1_262' title='bbox 376 4305 402 4378; x_wconf 76' lang='lat'><strong>&#39;)</strong></span> <span class='ocrx_word' id='word_1_263' title='bbox 419 4309 509 4367; x_wconf 66' lang='lat' dir='ltr'><strong>Monte</strong></span> <span class='ocrx_word' id='word_1_264' title='bbox 526 4309 560 4366; x_wconf 82' lang='lat' dir='ltr'><strong>da</strong></span> <span class='ocrx_word' id='word_1_265' title='bbox 578 4307 660 4392; x_wconf 73' lang='lat' dir='ltr'><strong>fabul.</strong></span> <span class='ocrx_word' id='word_1_266' title='bbox 679 4307 760 4366; x_wconf 73' lang='lat' dir='ltr'><strong>Atell·</strong></span> <span class='ocrx_word' id='word_1_267' title='bbox 778 4325 804 4383; x_wconf 76' lang='lat' dir='ltr'><strong>p.</strong></span> <span class='ocrx_word' id='word_1_268' title='bbox 823 4307 865 4364; x_wconf 72' lang='lat' dir='ltr'><strong>lb.</strong></span> 
     </span>
    </p>
   </div>
   <div class='ocr_carea' id='block_1_15' title="bbox 0 0 1704 5042">
    <p class='ocr_par' dir='ltr' id='par_1_16' title="bbox 0 0 1704 5042">
     <span class='ocr_line' id='line_1_37' title="bbox 0 0 1704 5042; baseline 0 4"><span class='ocrx_word' id='word_1_269' title='bbox 0 0 1704 5042; x_wconf 95' lang='lat' dir='ltr'><strong> </strong></span> 
     </span>
    </p>
   </div>
  </div>
 </body>
</html>
