3400 5042
810 546 885 622 189

588 795 592 800 .
655 721 810 789 Hadriani
830 711 1043 811 responsum:
1077 808 1079 812 Α
1147 746 1149 750 ·

631 827 697 905 Ego
718 831 786 891 nolo
806 825 919 891 Florus
940 849 1018 902 esse,

632 931 794 992 Ambulare
812 952 870 1013 per
889 929 1041 1004 tabernas,

632 1031 772 1095 Laniare
789 1053 847 1114 per
864 1033 1002 1113 popinas,
1146 1093 1147 1096 ,

634 1134 751 1196 Culiccc
769 1134 841 1216 pati
858 1133 1003 1195 rotundas
1019 1133 1067 1207 Ι1).

320 1251 404 1317 quaa
425 1228 559 1319 quidem
582 1230 724 1296 carmina
746 1228 904 1318 simplicia
921 1240 953 1294 et
968 1228 1070 1294 faceta
1092 1230 1287 1319 popularem
1305 1219 1379 1320 ape·

319 1329 402 1396 ciem
423 1331 468 1398 ila
487 1353 565 1420 praa
592 1331 774 1411 scierunt,
801 1342 838 1397 ut
863 1329 1052 1412 hujusmodi
1078 1329 1244 1396 cantilenis
1271 1311 1380 1390 dvm·

320 1416 473 1508 σκόδίαις
503 1434 720 1499 annumerare
752 1457 821 1498 non
855 1431 1018 1508 dubitem,
1055 1454 1157 1519 quum
1188 1432 1378 1520 praesertim

322 1533 503 1598 Hadrianus
531 1535 708 1600 acerrimus
735 1535 832 1599 suerit
853 1547 885 1598 et
905 1533 946 1597 ad
968 1532 1193 1596 lacessendum
1214 1533 1308 1598 etad
1330 1557 1381 1599 re·

320 1635 551 1722 spondendum
573 1640 656 1717 joco,
679 1637 833 1714 carmine,
855 1634 1042 1699 maledictis.

404 1739 499 1824 Quae
522 1763 623 1827 quum
646 1739 688 1803 ita
710 1740 787 1816 sint,
816 1737 973 1802 Martialis
990 1735 1287 1822 vepigrammatibus
1314 1738 1379 1803 suis

259 1864 260 1867 ¹
320 1839 459 1904 eandem
480 1839 643 1904 vindicare
665 1840 773 1906 studet
793 1839 968 1915 licentiam,
989 1861 1053 1926 qua
1074 1838 1191 1903 milites
1211 1839 1245 1904 in
1267 1841 1381 1917 trium÷

320 1941 395 2030 phis
417 1942 462 2006 uti
485 1942 610 2007 soleant
624 1947 678 2022 ¹⁴),
710 1965 778 2006 non
800 1941 954 2028 ignorans
975 1940 1044 2017 iIIe,
1065 1963 1164 2028 quam
1186 1942 1251 2006 sint
1271 1942 1380 2008 affinia

321 2045 402 2108 haec
423 2044 605 2109 carminum
627 2066 756 2130 genera.
996 2047 1003 2057 “

402 2148 455 2212 De
466 2168 605 2210 numero
615 2143 780 2209 trochaico
792 2144 913 2209 horum
925 2166 1078 2208 versuum
1089 2144 1245 2231 quoniam
1257 2157 1383 2211 constat

321 2250 404 2315 inter
425 2248 512 2313 viros
534 2247 664 2336 doctos,
697 2269 764 2311 non
786 2247 907 2312 mirum
936 2256 996 2323 est,
1029 2244 1134 2334 quod,
1166 2258 1317 2336 suscepto
1340 2247 1381 2312 ad

238 2359 240 2363 ”
322 2352 553 2439 epigrammata
565 2347 735 2413 scribenda
748 2373 764 2412 a
777 2348 881 2414 duciis
897 2348 1003 2437 poetis
1019 2347 1157 2413 disticho
1170 2347 1383 2428 Graecorum,

322 2454 420 2518 etiam
446 2451 617 2539 popularia
649 2451 792 2516 carmina
819 2450 884 2514 hoc
911 2472 1050 2514 numero
1086 2449 1267 2538 composita
1295 2463 1381 2522 sunt.

324 2556 427 2640 Hujus
448 2553 575 2641 generis
596 2552 692 2639 igitur
714 2554 928 2641 quaecunque
949 2562 1077 2615 exstant
1096 2551 1279 2617 abscribam

557 2685 560 2689 ·
654 2656 691 2717 ln
714 2654 760 2718 M.
784 2650 1051 2721 Bibulum..C0s.

323 2759 386 2824 No.
408 2764 458 2825 29.
489 2759 678 2824 NonBibqu
690 2761 851 2842 quriirrucm
862 2781 966 2839 nuper,
987 2759 1044 2818 sed
1054 2756 1186 2820 Caesare
1194 2756 1318 2839 sactum
1327 2772 1384 2838 eat,

487 2863 568 2924 Nam
589 2863 697 2924 Bibulo
711 2860 791 2943 fieri
811 2860 939 2920 Consule
960 2861 1007 2920 nil
1023 2862 1143 2920 memini
1156 2863 1204 2936 ¹⁵).

598 2964 635 3025 In
661 2958 702 3027 C.
724 2961 755 3026 J.
779 2956 929 3023 Caesaris
950 2956 1117 3023 adulteria.
1224 2977 1228 2983 ·

323 3067 386 3131 No·
409 3070 459 3133 3⁰.
534 3068 650 3128 Urbani
655 3076 775 3127 seruate
786 3087 907 3138 uxores,
917 3065 1066 3125 moechum
1077 3067 1190 3126 calvum
1200 3066 1383 3128 adducimus.
1453 3087 1455 3090 ·

534 3169 647 3231 Aurum
673 3171 704 3229 r'n
732 3169 836 3228 Gallia
862 3164 1038 3244 effutuisti:
1069 3157 1300 3248 inrumpente
1320 3193 1385 3231 mu·

747 3282 828 3331 trium
845 3271 893 3343 ¹⁶).

472 3372 511 3434 In
534 3368 574 3436 C.
597 3367 773 3434 Caesarem
795 3367 1014 3433 Octavianum
1037 3367 1231 3454 Augustum.
1330 3389 1333 3396 ·

324 3473 387 3538 Nn.
409 3477 459 3538 31.
537 3479 633 3560 Quum
651 3478 778 3557 pruinam
799 3477 924 3535 uturum
945 3474 1384 3557 conduaitmensachorogum,

534 3581 656 3662 Sexque
678 3581 750 3639 deos
772 3580 845 3639 or'dir
865 3577 993 3650 Mallia,
1013 3598 1130 3658 sexque
1151 3577 1243 3637 deas:

370 3779 406 3850 ¹⁸)
425 3782 560 3854 spartian.
583 3783 667 3838 Hadr.
682 3804 708 3838 c.
732 3782 773 3835 13.
793 3782 829 3837 cf.
857 3779 969 3836 Anthnl.
996 3781 1084 3836 Latin.
1107 3781 1251 3836 Bunnann.
1274 3779 1332 3836 Lib.
1350 3781 1386 3836 11.

426 3871 477 3943 Ep.
495 3870 621 3935 XCVIII,
640 3890 697 3942 pag.
715 3869 775 3924 239.

371 3955 407 4027 ¹⁴)
424 3957 541 4013 Martini.
558 3959 648 4031 Epigr.
669 3959 690 4023 1,
708 3958 733 4022 4,
749 3958 780 4014 3;

463 4045 650 4101 »Consuevere
668 4047 743 4116 jocos
760 4043 841 4107 vestri
859 4065 964 4118 quoque
982 4044 1053 4099 ferre
1070 4043 1206 4117 triumphi,

462 4134 604 4191 Materiam
622 4134 699 4191 dictis
716 4155 768 4190 nec
785 4134 869 4207 pudet
886 4153 941 4189 esse
960 4132 1079 4188 ducem..

373 4221 408 4294 ¹⁸)
427 4224 539 4279 Sueton.
558 4223 633 4278 Caes.
651 4224 693 4276 20.
711 4224 802 4277 Burm.
820 4222 932 4278 Antinoi.
950 4220 985 4286 11,
1003 4220 1089 4286 LXII,
1106 4241 1133 4293 p.
1149 4221 1210 4275 22⁰.

373 4309 409 4382 ¹⁸)
428 4312 541 4370 Sueten.
561 4311 637 4368 Caes.
655 4311 698 4366 51.
715 4311 805 4366 Burm.
824 4310 971 4366 l.c.L1X.
1200 4326 1204 4332 ·
