3400 5042
810 509 884 583 lua

800 797 885 868 Vll.

540 903 599 1052 un
627 967 816 1088 usurus
847 960 1144 1051 innuamus.

823 1146 907 1192 Naeuia,
928 1151 978 1193 qaae
991 1149 1071 1187 rernm
1084 1140 1140 1178 reete
1150 1139 1269 1181 facientibus
1283 1143 1347 1185 ram.

823 1216 848 1255 as
861 1214 945 1256 marthus
958 1213 1031 1260 muts,
1044 1214 1066 1253 at
1079 1211 1184 1252 muts
1197 1213 1290 1252 Gmttlte

1106 1282 1211 1321 Horattur.

395 1442 440 1506 Ut
462 1439 501 1504 de
530 1435 726 1502 carminibus
755 1431 836 1525 quae
864 1450 1059 1522 magnorum
1086 1432 1230 1497 virorum
1259 1435 1369 1500 laudes

313 1541 638 1632 comprehendebant
671 1539 757 1625 apud
792 1540 962 1602 Romanos
994 1549 1079 1601 recte
1111 1536 1285 1617 judicetur,
1329 1540 1369 1602 de

313 1645 434 1713 naeniis
461 1646 493 1708 in
520 1643 712 1707 funebribus
739 1641 926 1717 decantatis,
963 1665 1029 1705 non
1058 1638 1185 1704 omissis
1212 1652 1370 1726 quantum

313 1747 528 1814 necessarium
552 1744 715 1810 videbitur
730 1743 843 1809 ceteris
866 1745 1050 1830 sepulturae
1072 1742 1283 1819 caerimoniis,
1304 1746 1370 1823 jam

314 1852 373 1916 erit
394 1851 567 1938 agendum,
589 1848 662 1936 quia
686 1871 796 1912 aarum
820 1846 849 1909 vi
874 1870 910 1910 ac
932 1859 1044 1912 natura
1061 1846 1165 1933 probe
1184 1846 1310 1932 cognita
1328 1846 1370 1916 ad

311 1954 452 2018 carmina
474 1949 650 2016 convivalia
679 1949 867 2014 illustranda
889 1950 1030 2014 ¹multum
1051 1947 1230 2035 proficitur.
1274 1948 1369 2035 Quae

312 2055 443 2144 propria
466 2055 505 2119 sit
526 2078 562 2119 ac
590 2053 729 2140 genuina
758 2054 892 2116 naeniae
918 2051 1106 2140 significatio
1134 2053 1247 2115 Festus
1275 2051 1371 2116 inter·

311 2150 523 2246 pre'tatur¹):'
543 2155 676 2220 ‚maenia
700 2167 747 2219 est
768 2178 900 2219 carmen
924 2154 1013 2244 quod
1035 2155 1069 2217 in
1089 2154 1204 2218 funere
1226 2161 1372 2221 laudandi

311 2262 408 2348 gratia
432 2271 578 2324 cantatur
600 2257 640 2322 ad
661 2257 804 2322 tibiam«
822 2265 825 2270 '
841 2259 876 2322 ln
894 2256 1031 2322 eandem
1043 2257 1236 2321 sententiam
1249 2255 1367 2323 Cicero

312 2363 463 2452 expositis
486 2361 660 2426 duodecim
680 2360 864 2426 tabularum
882 2358 1006 2446 legibus
1019 2359 1368 2448 quibuscoercererei-

312 2466 460 2553 publicae
472 2462 642 2529 Romanae
664 2464 897 2552 gubernatores
909 2463 1061 2527 funerum
1075 2463 1187 2527 luxum
1197 2463 1368 2547 voluerint,

311 2570 394 2633 hano
427 2569 530 2654 legem
563 2567 715 2654 scriptam
748 2565 898 2630 tradidit:
930 2569 1190 2631 ·»H0n0rat0rum
1221 2571 1366 2634 virorum

310 2677 414 2741 laudes
436 2670 468 2734 in
490 2669 647 2735 concione
668 2680 909 2747 memorentur,
941 2679 1059 2757 easque
1081 2672 1176 2735 etiam
1199 2689 1305 2740 cantus
1326 2677 1367 2741 ad

310 2773 475 2841 tibicinem
498 2784 730 2859 prosequatm3
754 2770 803 2837 cui
827 2793 949 2837 nomen
965 2780 1106 2843 naenme:
1127 2798 1194 2860 quo
1206 2779 1366 2844 vocabulo

311 2877 407 2942 etiarn
419 2880 544 2940 Graecia
565 2887 677 2939 cantus
687 2875 840 2962 lugubres
851 2875 1128 2954 nominansuw).
1163 2879 1242 2944 lnde
1254 2905 1367 2969 quam-

311 2981 356 3043 vis
378 2991 464 3043 recte
486 2975 674 3056 judicaverit
698 2975 900 3041 Niebuhrius
926 2977 1092 3044 Romanas
1119 2983 1248 3046 naenias
1275 2986 1367 3050 nullo

311 3083 413 3146 modo
434 3079 634 3146 Graecarum
657 3079 831 3166 elegiarum
856 3080 954 3144 instar
975 3105 1042 3145 esse
1070 3081 1237 3149 habendas
1248 3091 1291 3166 ⁸),
1322 3101 1367 3152 ta.

311 3210 386 3250 rnen
407 3183 604 3248 submixtarn
627 3183 724 3246 luisse
746 3181 805 3246 illis
829 3182 976 3249 laudibus
999 3184 1237 3271 querimoniam
1263 3214 1366 3278 quan-

310 3289 384 3357 dam
407 3287 494 3352 etin
517 3298 628 3355 natura
652 3285 770 3372 ingenii
792 3286 916 3363 nititur,
944 3299 976 3349 et
996 3311 1013 3351 a
1038 3288 1134 3352 Festo
1157 3289 1365 3358 observatum

310 3403 366 3454 cst.

393 3495 520 3561 Horum
543 3491 639 3578 igitur
662 3491 843 3555 carminum
867 3493 1096 3578 quaerentibus
1117 3494 1228 3571 nobis,
1259 3498 1365 3563 sintne

309 3599 341 3660 in
362 3596 500 3683 antiquis
522 3593 687 3658 literarum
709 3595 931 3659 monumentis
952 3595 1121 3682 reliquiae,
1150 3597 1254 3663 simile
1277 3613 1363 3666 certe

314 3767 520 3778 *mn-...—

370 3862 394 3933 ')
412 3866 483 3918 Fert.
501 3886 525 3918 v.
543 3865 637 3920 naenia
655 3887 680 3939 p.
699 3865 746 3920 tt}
771 3877 798 3918 et
821 3865 890 3920 list:
927 3865 1029 3919 Naeuia
1052 3880 1093 3921 est
1115 3888 1218 3931 carmen
1241 3872 1313 3944 quod
1337 3873 1365 3927 in

410 3955 503 4007 lrrnera
520 3953 645 4008 laudandi
662 3955 745 4026 gretia
762 3954 926 4008 cantaturud
936 3953 1038 4008 tibiam·
1050 3982 1073 3994 ··
1096 3957 1166 4010 Sunt
1184 3961 1228 4031 qui
1239 3963 1364 4024 eqverbo

411 4040 490 4096 linem
508 4041 647 4113 significari
666 4041 850 4098 crediderunt·
863 4069 885 4080 ··
909 4043 1045 4111 Quosdam
1063 4057 1171 4101 constet
1187 4046 1364 4111 inde‘ducers

409 4132 532 4194 verbum,
551 4131 624 4204 quod
641 4145 668 4187 et
685 4131 746 4188 voci
764 4131 875 4186 similior
893 4131 1057 4203 questionis
1074 4131 1193 4189 flentium
1210 4137 1252 4190 sit.

357 4217 392 4287 Δ1)
412 4217 467 4274 cio
486 4216 618 4293 deLegg.
635 4221 728 4284 1Ηὰ

362 4305 395 4377 ⁴⁶)
412 4306 493 4365 Nise.
512 4307 582 4372 illst.
600 4309 677 4364 Rern·
696 4307 715 4374 l,
733 4327 759 4381 p·
777 4308 844 4369 Μ.-
