3400 5042
819 543 893 637 108

328 739 495 804 Romanos
518 736 696 826 suscepisse
706 742 731 815 ⁵)
759 746 844 801 certa
869 746 902 801 et
922 735 1099 803 sufficiente
1127 737 1251 804 ratione
1269 761 1379 805 carere

324 838 465 915 videtur,
497 862 598 927 quum
626 837 723 903 etiam
750 838 783 901 in
809 837 923 925 priscis
948 838 1159 928 genuinisque
1187 839 1379 905 Latinorum

325 939 602 1005 vaticinationibus
624 939 785 1028 sacrisque
807 938 973 1004 cantilenis
988 939 1058 1006 fieri
1076 964 1142 1006 non
1159 951 1279 1029 posset,
1301 941 1379 1030 quin

324 1039 470 1131 rhythmi
494 1041 654 1130 quaedam
676 1038 798 1130 species
815 1041 970 1119 subesset,
992 1042 1379 1108 nonextrinaecusaemel

325 1153 471 1232 excepta,
492 1140 549 1207 sed
573 1141 617 1207 rai
640 1141 739 1230 ipsius
762 1152 874 1207 natura
896 1164 1027 1231 semper
1048 1153 1195 1231 pronote.
1306 1201 1312 1228 ,

407 1289 564 1358 Ceterum
587 1302 623 1356 ut
644 1289 779 1357 omnino
802 1290 1043 1367 exsultationes,
1070 1303 1192 1378 gestus,
1213 1304 1324 1360 cantus
1345 1296 1378 1360 in

324 1394 420 1458 rebus
442 1376 538 1457 sacris
561 1404 614 1457 aut
636 1392 809 1457 sublimem
832 1405 887 1457 eut
909 1392 1074 1457 incitatum
1097 1393 1283 1459 animorum
1305 1394 1379 1460 reli·

322 1496 488 1582 giosorurn
510 1495 670 1581 impetum
693 1507 886 1583 motumque
909 1495 1107 1582 exprimunt,
1133 1495 1175 1559 ita
1198 1520 1310 1584 reapse
1332 1497 1379 1561 in·

322 1598 476 1684 telligitur
497 1597 594 1662 etiam
617 1597 648 1660 in
672 1596 827 1685 rhythmo
849 1619 1016 1661 sacrorum
1039 1597 1219 1661 carminum
1246 1599 1378 1664 infuisse

323 1700 442 1788 aliquid
471 1700 543 1764 elati
574 1711 669 1787 atque
697 1700 831 1773 inuitati3
869 1700 902 1763 id
929 1700 1017 1786 quod
1052 1702 1148 1788 plane
1176 1701 1304 1766 iambici
1331 1713 1379 1766 est

324 1803 464 1871 numeri:
483 1801 689 1868 increscentis
722 1813 754 1864 ct
781 1802 854 1865 elati
883 1826 900 1865 a
927 1801 1009 1866 thesi
1042 1803 1075 1867 in
1102 1804 1200 1879 arsin,
1242 1803 1377 1869 minime

323 1903 476 1969 trochaici
509 1904 722 1968 decrescentis
755 1904 1019 1992 decurrentisque
1046 1906 1086 1969 ab
1113 1905 1174 1970 arsi
1202 1905 1235 1969 in
1261 1905 1377 1974 thesin.

326 2009 501 2086 Praeterea,
512 2009 536 2070 si
548 2007 650 2070 modo
663 2007 694 2070 in
708 2007 871 2072 Saliorum
882 2007 1088 2072 sacerdotum
1101 2005 1376 2084 exsultationibus,

322 2111 345 2175 si
366 2112 397 2172 in
417 2110 554 2173 fratrum
567 2109 735 2173 Arvalium
751 2108 899 2197 tripudiis
917 2109 1201 2196 anapaesticus-ille
1213 2132 1377 2187 numerus,

257 2268 260 2273 .
322 2236 421 2299 quem
444 2212 579 2276 omnino
601 2211 697 2275 sacris
719 2223 921 2275 armatorum
936 2212 1143 2277 sacerdotum
1155 2209 1377 2276 saltationibus

321 2313 491 2403 proprium
509 2313 606 2378 luisse
623 2313 751 2389 scimus,
772 2313 901 2390 latebat,
923 2337 964 2378 ne
976 2314 1016 2378 ab
1028 2312 1093 2378 hoc
1105 2312 1238 2401 quidem
1250 2312 1378 2378 videtur

320 2413 477 2494 iambicus
509 2439 664 2479 numerus
698 2415 821 2479 alienus
855 2438 947 2492 esse,
989 2414 1134 2480 trochaei
1167 2439 1244 2481 sane
1276 2439 1375 2505 quam

322 2517 461 2582 maximo
483 2516 669 2582 abhorrent.
708 2517 772 2580 Pro
796 2515 856 2582 hac
878 2527 964 2581 certe
988 2539 1139 2581 versuum
1161 2529 1274 2583 natura
1297 2517 1377 2583 Dio·

321 2618 407 2684 medi
438 2618 545 2704 potius
573 2630 604 2682 et
631 2617 774 2683 Asconio
805 2617 944 2682 l'ediano
973 2618 1215 2684 assentiendum
1241 2619 1377 2694 videtur,

321 2722 375 2809 qui
397 2732 501 2784 totum
525 2720 712 2784 Saturnium
735 2719 850 2801 iambis
872 2731 1019 2785 constare
1041 2720 1100 2784 rati
1128 2721 1292 2786 senarium
1314 2720 1376 2810 hy-

320 2823 568 2910 percatalectum
593 2822 750 2896 dixerunt,
772 2845 871 2908 quam
893 2822 1127 2888 recenlioribus
1149 2823 1210 2888 illis
1233 2824 1288 2911 qui
1310 2835 1376 2887 tro-

320 2931 434 2990 chaeos
457 2949 532 2990 curn
554 2925 699 2990 anacrusi
721 2928 942 3000 statuerunt⁶).

402 3053 444 3111 At
466 3072 506 3112 ne
528 3048 568 3111 ad
592 3070 718 3111 merum
741 3047 917 3126 iambicum
945 3045 1077 3133 quidem
1105 3071 1278 3112 numerum
1305 3072 1376 3111 ver·

319 3176 372 3215 sus
400 3175 481 3238 quos
510 3149 669 3214 habemus
702 3149 842 3214 Saturnii
871 3149 1030 3234 quadrare
1062 3150 1150 3213 nulla
1178 3151 1301 3226 ratione
1329 3153 1376 3213 vi·

319 3255 446 3319 dentur.
489 3285 502 3304 ι

402 3377 630 3460 Quamobrem
659 3399 732 3438 cum
764 3375 954 3437 Hermanno
987 3363 1074 3435 hunc
1106 3397 1236 3437 versum
1266 3376 1375 3439 Satur-

319 3479 408 3541 niurn
429 3485 510 3542 inter
527 3494 718 3558 osrnortetos
736 3476 926 3563 ponendum
944 3499 1069 3552 censeo,
1091 3476 1213 3563 quippe
1236 3476 1291 3564 qui
1313 3476 1374 3541 hac

318 3670 529 3677 -—-—-

375 3799 400 3864 ⁵)
418 3799 502 3852 Elem.
521 3801 557 3853 Ι).
575 3800 616 3853 Μ.
636 3821 660 3870 p.
678 3799 737 3852 606·

373 3885 398 3952 ⁶)
418 3887 487 3941 Huic
505 3889 653 3943 sententiae
678 3889 770 3942 lavent
787 3889 888 3943 Freese
908 3886 1009 3943 Men-it
1027 3909 1054 3960 p.
1075 3888 1132 3952 117,
1159 3891 1248 3944 Mualr
1271 3891 1373 3946 llletrilr

419 3998 443 4046 p.
464 3977 522 4039 13⁰,
542 3977 657 4030 Weiss:
680 3978 737 4030 Der
754 3976 927 4031 Saturnische
947 3975 1015 4030 Vers
1034 3977 1069 4029 im
1086 3977 1204 4032 Plautus.
1223 3980 1372 4050 Quedlinb.

422 4065 493 4127 1839,
522 4064 654 4120 Clausen:
678 4065 721 4119 De
740 4087 816 4120 carm.
836 4051 988 4120 Fe'ar‘vst.
1006 4087 1031 4138 p.
1048 4068 1095 4131 ‘tn
1113 4080 1208 4122 eontra
1225 4070 1372 4125 Diomedes

420 4175 444 4226 p.
463 4155 521 4206 brt.
555 4155 652 4209 Asson.
674 4156 740 4228 Ped.
766 4155 800 4207 ad
823 4154 945 4208 Ciceron-
974 4154 1032 4208 Λα.
1058 4156 1072 4208 1
1097 4155 1125 4208 in
1149 4155 1261 4211 Verrem
1285 4181 1307 4213 e.
1330 4159 1371 4211 lo.

421 4242 462 4295 Cf.
487 4243 602 4298 Grauert
623 4242 666 4297 in:
698 4245 809 4307 Koene,
842 4243 960 4316 Spraohe
988 4243 1035 4298 der
1062 4244 1245 4300 Roamiaohen
1271 4245 1372 4318 Epiker

420 4332 581 4398 (Muenster.
602 4329 691 4400 184⁰.)
713 4351 738 4403 p.
755 4333 808 4386 255
824 4353 863 4404 sq.

1128 4433 1163 4488 ld
