3400 5042
822 553 895 627 ltt

805 831 897 908 ΧΠ.

569 980 628 1066 llll
659 979 849 1069 ttttttts
879 978 1142 1068 affirma
1203 997 1207 1002 ’

932 1156 1011 1201 Urbim
1024 1154 1092 1199 mdis
1105 1154 1166 1197 tlm
1178 1155 1244 1198 mal
1256 1153 1366 1199 suune.

1164 1225 1282 1268 mlta.

301 1435 305 1443 .
407 1353 458 1417 De
481 1351 598 1420 sabulis
619 1355 775 1421 Atellanis
798 1379 1000 1446 quamquam
1017 1365 1141 1421 exstant
1157 1365 1268 1419 nostra
1280 1365 1383 1421 aetate

326 1456 615 1522 commentationes
628 1461 771 1522 virorum
789 1458 964 1523 doctorum
977 1459 1146 1545 diligenter
1156 1456 1339 1521 elaboratae
1347 1460 1384 1536 ¹),

326 1570 433 1623 tamen
456 1559 602 1644 quaestio
624 1558 688 1622 hoe
711 1560 784 1624 loco
807 1584 843 1625 ea
872 1560 1014 1625 ineunda
1041 1559 1182 1634 videtur,
1215 1581 1298 1645 quae
1323 1581 1384 1646 po·

324 1662 435 1748 pulare
458 1661 564 1724 solum
585 1661 664 1724 illud
689 1661 873 1726 fabularum
902 1685 1004 1749 genus
1033 1660 1292 1748 antiquissimum
1313 1672 1384 1725 tan-

324 1775 390 1849 gat,
421 1763 543 1827 omisso
570 1763 672 1827 altero
701 1785 820 1849 genere
842 1788 860 1829 a
884 1765 927 1849 Q
949 1764 1057 1829 Novio
1080 1775 1113 1828 et
1134 1765 1170 1832 L.
1193 1763 1380 1849 Pomponio

323 1877 390 1929 arte
412 1877 444 1930 et
466 1865 631 1952 disciplina
659 1867 854 1953 composito.
904 1866 1020 1931 Tradit
1045 1868 1141 1953 igitur
1168 1865 1278 1930 Livius
1306 1865 1381 1930 loco

323 1967 493 2031 notissimo
506 1973 531 2046 ²)
558 1966 722 2031 Atellanas
749 1969 789 2032 ab
813 1967 907 2033 Oscis
934 1971 1078 2032 Romam
1103 1967 1307 2055 pervenisse,
1337 1968 1381 2032 ita

323 2082 359 2134 ut
384 2071 535 2134 Romana
568 2071 731 2149 juventus,
768 2071 808 2135 ab
837 2071 1051 2135 histrionibus
1081 2071 1152 2134 illas
1182 2069 1285 2156 pollui
1311 2091 1380 2133 non

321 2194 423 2258 passa,
446 2171 507 2236 sibi
526 2172 696 2235 reservarit
707 2183 742 2236 ut
753 2172 959 2259 privilegium
972 2172 1139 2261 quoddam
1151 2194 1204 2236 eas
1214 2193 1379 2258 peragere.

323 2274 553 2358 Quamobrem
576 2273 799 2338 Atellanarum
821 2287 947 2340 actores
964 2299 1070 2364 neque
1086 2287 1122 2339 ut
1137 2273 1235 2338 ceteri
1251 2272 1381 2337 histrio-

320 2399 377 2439 nes
397 2375 490 2439 tribu·
506 2375 588 2439 moti
611 2375 788 2464 militiaque
808 2377 966 2464 prohibiti
989 2389 1094 2455 erant,
1126 2399 1187 2441 nec
1212 2397 1380 2464 personas,

321 2477 438 2565 quibus
460 2477 519 2541 soli
547 2478 778 2566 antiquissimis
804 2481 1009 2567 temporibus
1037 2480 1226 2556 utebantur,
1257 2502 1300 2543 ne
1327 2500 1381 2564 ag·

319 2590 546 2656 noscerentur,
581 2580 767 2667 postulante
800 2593 1021 2669 spectatorum
1057 2605 1178 2647 corona
1210 2581 1379 2667 deponere

319 2682 390 2769 cogi
412 2694 572 2768 poterant.
615 2684 666 2745 De
688 2695 855 2769 tempore,
877 2707 943 2772 quo
967 2686 1093 2749 Romae
1115 2684 1164 2770 agi
1186 2684 1293 2770 coepti
1315 2683 1379 2746 sint

318 2783 353 2847 hi
376 2784 443 2847 ludi
461 2783 539 2848 Osci
563 2783 618 2872 qui
639 2798 808 2864 vocantur,
830 2787 978 2874 quamvis
999 2811 1061 2850 nec
1077 2787 1187 2850 Livius
1203 2809 1264 2850 nec
1282 2786 1379 2850 Vale-

319 2887 385 2951 rius
396 2887 559 2952 Maximus
576 2887 671 2951 certis
687 2889 927 2969 verbisdicant,
947 2901 1057 2953 tamen
1069 2889 1230 2975 colligitur
1241 2913 1258 2953 e
1270 2890 1378 2968 Festo,

319 2989 352 3052 id
374 2989 480 3076 ipsum
503 2988 596 3053 Livio
610 2990 802 3054 Andronico
824 3003 857 3055 et
868 2991 993 3056 Naevio
1015 2992 1241 3078 superstitibus
1254 2992 1378 3056 lactum

319 3115 388 3155 esse
396 3095 440 3172 ³),
461 3114 565 3179 quum
585 3093 760 3172 juventutis
771 3094 941 3158 Romanae
954 3093 1095 3159 Graecas
1111 3094 1234 3159 fabulas
1251 3118 1379 3160 earum·

372 3356 397 3427 ¹)
416 3357 457 3413 Cl.
472 3360 594 3417 Schober
611 3362 706 3417 Ueber
724 3362 767 3416 die
781 3362 986 3418 Atellanisclren
1004 3362 1278 3437 SebauspieleLeipa.
1297 3365 1378 3432 18263

418 3447 507 3502 lllunlr
525 3450 559 3504 de
576 3451 607 3502 L.
626 3449 778 3522 Pomponio
796 3452 972 3507 Bononiensi.
1001 3451 1075 3506 1826.
1111 3451 1234 3507 Schober
1250 3453 1284 3507 de
1303 3454 1377 3507 Atet-

417 3535 536 3592 lanarum
559 3539 679 3596 Exodiis.
699 3539 808 3594 Vratisl.
837 3540 912 3594 183⁰.
947 3540 1045 3595 Munk.
1064 3541 1098 3595 de
1116 3538 1211 3594 sabulis
1235 3541 1376 3596 Atellanis.

419 3624 494 3678 1840.
532 3624 645 3682 Ceteros
664 3629 709 3700 qui
727 3628 761 3682 de
779 3628 871 3682 eadem
890 3649 918 3682 re
936 3641 1048 3699 egerunt
1064 3629 1171 3685 notavit
1187 3628 1284 3684 Baehr.
1304 3628 1375 3686 Hist.

416 3711 467 3766 Lit.
486 3715 563 3768 llum.
584 3717 603 3778 l,
622 3738 647 3789 p.
669 3718 727 3784 105,
746 3728 803 3770 not.
822 3717 846 3768 l.
867 3716 907 3770 ed.
926 3717 952 3769 3.

369 3797 395 3861 ²)
414 3800 472 3854 Liv.
491 3801 552 3867 Vll,
570 3805 594 3856 2.
614 3804 647 3857 cl.
668 3803 727 3858 Val.
746 3803 856 3859 Maxim,
876 3805 910 3867 lt,
927 3805 952 3867 4,
970 3805 996 3858 l.

369 3884 395 3956 ³)
414 3889 486 3942 Fest.
505 3910 530 3940 v.
549 3903 691 3960 personata
714 3892 802 3946 fabula
823 3914 848 3965 p.
866 3894 925 3946 217.
962 3894 1111 3948 Personata
1134 3894 1224 3948 sabula
1246 3897 1376 3969 quaedam

415 3976 501 4030 Naevi
519 3976 680 4042 inscribitur,
700 4001 776 4052 quam
794 3993 889 4053 putant
910 3981 1015 4054 quidam
1034 3984 1146 4055 primum
1162 3980 1274 4052 (actam)
1290 4005 1375 4058 aper-

414 4065 514 4119 sonatis
532 4064 722 4134 histrionibus3
747 4068 796 4123 sed
814 4089 873 4124 cum
895 4082 956 4143 post
978 4070 1075 4125 multos
1097 4092 1184 4127 annos
1206 4074 1327 4128 comoedi
1346 4088 1375 4130 et

414 4151 534 4225 tragoedi
552 4154 676 4224 personis
695 4155 732 4210 uti
751 4170 911 4229 coeperunt,
936 4158 1103 4214 verisimilius
1127 4173 1167 4214 est
1184 4182 1240 4215 eam
1258 4163 1374 4218 fabulam

414 4254 528 4314 propter
546 4241 664 4315 inopiam
683 4245 874 4300 comoedorum
892 4259 977 4301 actam
995 4267 1092 4302 novam
1101 4269 1149 4320 per
1159 4249 1308 4318 Atellanos,
1328 4252 1374 4324 qui

416 4331 527 4402 proprie
545 4343 676 4388 vocantur
693 4335 845 4406 personati,
864 4333 925 4408 quia
942 4335 982 4404 jus
1000 4348 1040 4391 est
1057 4337 1079 4391 ia
1096 4356 1155 4392 uon
1172 4337 1232 4409 cogi
1249 4337 1279 4391 in
1293 4357 1375 4394 scena
