3400 5042
833 531 863 608 ⁷7

321 711 416 794 hujus
436 708 601 798 popularis
621 709 850 775 Romanorum
871 709 979 798 poesis
999 707 1173 797 proprium
1194 732 1271 789 esre,
1290 710 1375 776 infra

323 815 386 879 suis
407 813 486 878 locis
507 811 685 902 apparebit.
710 831 714 838 ·
1264 809 1267 814 ’

357 923 359 926 ⁴
405 916 457 980 Ab
474 915 535 981 hac
551 938 629 980 vero
645 915 763 1003 ingenii
782 915 941 980 italorum
962 915 1070 979 indole
1088 915 1283 980 secernenda
1301 927 1376 980 sunt

322 1012 403 1085 haec
430 1020 569 1108 quatuor
601 1019 704 1106 capita
738 1019 950 1107 praestantiae
982 1017 1100 1082 civium
1133 1020 1374 1082 Romanorum:

322 1124 431 1201 virtus,
450 1121 562 1210 pietas,
582 1121 699 1209 pudor,
721 1121 897 1210 frugalitas,
918 1132 1069 1186 nontam
1085 1120 1119 1186 in
1137 1120 1208 1206 ipso
1225 1143 1321 1184 succo
1344 1133 1376 1184 et

321 1225 474 1313 sanguine
496 1235 579 1304 nata,
599 1224 655 1289 sed
677 1248 738 1312 pro
760 1224 963 1312 respublicae
985 1223 1164 1288 rationibus
1186 1223 1374 1287 educatione

321 1327 439 1393 civium
461 1325 575 1393 animis
595 1326 790 1394 extrinsecus
801 1327 980 1392 insinuata·
993 1329 1105 1414 ltaque
1117 1326 1253 1390 omnino
1263 1349 1376 1414 respu-

323 1431 405 1496 blica
427 1430 608 1496 adversaria
631 1442 700 1495 erat
720 1431 928 1496 incrementis
948 1430 1114 1518 popularis
1134 1428 1252 1516 poesis,
1273 1452 1375 1517 quum

321 1559 382 1624 pro
398 1558 454 1600 sua
472 1533 606 1598 utilitate
623 1545 707 1598 certa
725 1534 904 1598 carminum
920 1556 1048 1620 genera,
1065 1532 1153 1597 velut
1168 1555 1264 1610 sacra,
1285 1532 1377 1596 fune-

322 1638 402 1718 bria,
424 1636 600 1702 convivalia
618 1636 742 1723 legibus
762 1637 873 1716 juvare
893 1640 927 1700 vet
949 1636 990 1699 ad
1011 1647 1134 1699 certam
1156 1645 1374 1722 statutamque

324 1749 474 1808 n'ormam
492 1741 647 1826 redigere,
664 1739 723 1804 alia
741 1751 863 1818 contra,
873 1740 962 1803 velut
976 1739 1116 1803 ludicros
1128 1761 1244 1802 omnes
1255 1761 1376 1817 versus,

322 1846 352 1909 vi
374 1845 528 1911 cohibere
550 1843 655 1908 vellet.
683 1843 737 1908 Sic
759 1842 900 1930 denique
921 1843 1042 1907 lactum
1065 1855 1121 1919 est,
1142 1853 1178 1904 ut
1199 1841 1296 1905 etiam
1314 1864 1376 1927 op-

321 1936 440 2038 positio
475 1946 683 2035 patriciorum
716 1957 747 2009 et
773 1945 978 2033 plebeiorum
1013 1951 1070 2010 hac
1101 1944 1252 2033 populari
1283 1945 1375 2032 poesi

322 2049 563 2141 exprimeretur,
590 2072 692 2138 quum
719 2047 918 2136 procedente
939 2048 1042 2136 plebis
1068 2048 1216 2112 libertate
1238 2036 1375 2111 alterum

322 2155 401 2221 illud
433 2177 534 2242 genus
562 2152 683 2217 sensim
711 2151 905 2230 aboleretur,
930 2152 1066 2216 alterum
1093 2146 1216 2233 majore
1242 2150 1275 2213 in
1308 2151 1376 2214 dies

321 2259 447 2324 licentia
468 2260 646 2340 jactaretur.
680 2278 682 2283 ’

404 2363 472 2426 Hac
493 2359 618 2426 ratione
632 2358 783 2446 quamvis
800 2358 934 2423 stultum
961 2357 999 2420 sit
1015 2356 1197 2438 abjudicare
1213 2369 1236 2420 'a
1255 2379 1374 2442 magno

322 2469 550 2531 Romanorum
578 2463 706 2548 ingenio
738 2463 901 2550 poeticam
932 2459 1078 2524 indolem
1110 2483 1148 2523 ac
1178 2459 1375 2536 facultatem,

320 2580 430 2634 tamen
452 2567 568 2632 civium
590 2564 726 2652 ingeniis
746 2565 779 2628 in
801 2587 868 2629 uno
890 2563 1088 2652 perficiendo
1110 2563 1305 2650 reipublicae
1326 2586 1375 2626 ar-

320 2672 417 2737 tificio
440 2669 611 2756 occupatis,
632 2690 797 2754 repressus
819 2679 867 2731 est
883 2667 1081 2755 aliquamdiu
1098 2666 1232 2730 canendi
1251 2665 1375 2752 fingen-

321 2769 418 2858 dique
446 2769 614 2835 sublimior
651 2770 846 2858 liberiorque
880 2769 1020 2856 impetus
1042 2769 1075 2833 in
1102 2769 1216 2833 mobili
1244 2781 1276 2832 et
1303 2769 1373 2832 vivo

321 2873 424 2937 nitens
446 2872 641 2960 imaginandi
663 2874 704 2952 vi,
725 2873 830 2937 donec
858 2873 991 2937 Graecis
1018 2872 1175 2959 exemplis
1201 2871 1375 2958 propositis

322 2972 429 3040 denuo
448 2975 647 3056 excitaretur,
666 2989 698 3040 et
713 2988 871 3064 quantum
891 2976 1011 3040 'valeret
1022 2977 1233 3041 manifestum
1245 2976 1374 3038 laceret.

816 3325 885 3397 lll.

592 3464 651 3547 nu
683 3465 841 3550 iarun
873 3463 1102 3549 ramnus.
1214 3401 1216 3405 ⁵
1328 3518 1330 3525 .

845 3653 877 3690 stc
890 3651 952 3690 honor
965 3651 987 3688 et
999 3659 1071 3688 nomeu
1083 3649 1153 3687 dlrlnlt
1166 3650 1242 3688 ratibus
1254 3651 1314 3701 atquc

845 3722 965 3762 carminibus
978 3722 1033 3760 nau
1046 3750 1051 3760 .
1066 3751 1070 3760 .
1086 3750 1091 3759 .

1093 3792 1198 3830 unauna.

333 3916 336 3920 ⁴
406 3919 519 4006 Quum
548 3919 580 3983 in
608 3919 810 3986 silvestribus·
838 3921 917 3986 locis
949 3921 1176 4009 umbrosisque
1215 3921 1376 4008 speluncis

322 4047 381 4110 per
403 4023 559 4086 soliorum
582 4035 679 4087 vento
701 4047 803 4112 aeque
826 4037 993 4090 motorum
1020 4026 1128 4090 lencm
1149 4048 1323 4101 susurrum,
1345 4037 1378 4087 et

323 4126 465 4190 sontium
486 4125 730 4215 rivulorumque
756 4129 891 4192 unisona
914 4153 1082 4192 murmura
1104 4127 1223 4191 horror
1243 4127 1375 4214 quidam

323 4229 355 4292 in
378 4230 504 4293 animos
526 4229 714 4296 intrantium
737 4231 889 4296 divinitus
907 4231 1032 4297 effundi
1050 4231 1221 4309 videretur,
1243 4230 1377 4294 numina

323 4332 484 4420 quaedam
501 4331 544 4397 ibi
560 4332 706 4400 habitare
723 4335 832 4400 rustici
852 4335 951 4402 ltalici
969 4334 1153 4413 credebant,
1174 4357 1257 4422 quae
1273 4333 1376 4398 modo
