3400 5042
822 524 871 600 91

318 697 523 763 sacerdotum
546 697 665 776 verbis,
697 711 857 788 quantum
883 699 1061 765 ludibrium
1088 700 1231 766 numinis
1257 701 1378 781 fuisset,

319 801 343 862 si
366 800 431 863 hoc
453 800 610 865 fecissent.
646 803 771 864 Harum
793 825 904 866 rerum
925 802 1022 889 plane
1045 801 1104 865 sibi
1126 803 1378 890 repugnantium

320 901 372 965 vix
394 901 501 965 dicere
524 924 606 989 opus
629 914 683 981 est,
705 926 811 991 neque
834 904 866 967 in
889 903 1032 968 carmine
1048 915 1172 981 nostro,
1186 921 1299 992 'neque
1315 904 1378 969 alio

321 1023 458 1091 usquam
490 1002 564 1067 loco
597 1004 664 1069 ullo
697 1004 799 1069 verbo
834 1029 904 1070 esse
936 1005 1138 1069 mentionem
1170 1005 1305 1084 factam,
1342 1016 1379 1069 ut

321 1105 484 1183 omittam,
516 1129 614 1194 quam
637 1105 850 1171 vehementer
871 1131 946 1172 cum
969 1130 987 1170 a
1009 1106 1106 1170 totius
1127 1106 1289 1193 religionis
1311 1107 1379 1171 Ro·

320 1230 451 1284 manae,
472 1219 543 1271 tum
566 1231 582 1272 a
605 1207 717 1271 Martis
739 1207 871 1294 agrestis
892 1220 1005 1273 natura
1027 1208 1234 1273 abhorreant.

403 1311 480 1372 Jam
501 1309 597 1394 igitur
623 1309 759 1373 omnino
787 1311 936 1376 aberrare
959 1335 976 1374 a
999 1333 1093 1387 vero,
1126 1311 1180 1397 qui
1209 1311 1250 1374 de
1276 1310 1378 1374 nimio

321 1411 517 1499 nocentique
555 1412 669 1475 Martis
701 1436 757 1475 seu
790 1414 867 1476 solis
900 1413 1030 1477 fervore
1068 1413 1224 1498 cogitasse
1262 1411 1379 1478 fratres

321 1514 455 1578 Arvales
476 1513 619 1578 carmine
640 1517 823 1593 statuerint,
857 1516 994 1601 simplici
1021 1514 1302 1602 argumentatione
1324 1514 1379 1580 de·

321 1617 496 1681 monstrari
523 1628 640 1702 potest.

404 1722 450 1784 Ut
471 1719 554 1783 veris
576 1720 619 1782 sic
641 1721 769 1784 aestatis
791 1720 919 1784 initium
931 1733 1138 1808 tempestates
1150 1731 1246 1808 atque
1258 1720 1379 1784 imbres

322 1845 432 1886 secum
461 1822 546 1886 ferre
576 1846 615 1886 eo
643 1821 849 1908 perspicitur,
883 1824 971 1911 quod
1000 1835 1073 1887 ante
1102 1824 1189 1888 diem
1213 1825 1270 1886 ΙΙΙ.
1303 1823 1380 1888 Idus

322 1925 440 2002 Maias,
478 1947 543 2011 quo
574 1924 625 1986 die
652 1924 779 1988 aestatis
811 1925 938 1988 initium
970 1925 1042 1988 sasti
1075 1925 1217 1988 Romani
1248 1924 1380 2002 habent,

322 2026 468 2090 Pleiades
491 2025 649 2103 oriuntur,
672 2049 697 2092 a.
721 2026 753 2094 d.
776 2028 831 2090 ΧΙ.
856 2025 1019 2091 Calendas
1040 2027 1156 2091 Junias
1179 2026 1286 2105 Canis,
1307 2051 1334 2091 a.
1348 2027 1379 2092 d.

323 2130 381 2191 Vl.
405 2126 566 2192 Calendas
588 2127 704 2191 Junias
727 2129 830 2216 Hyas,
852 2152 878 2192 a.
897 2128 928 2191 d.
946 2132 1003 2193 IV.
1026 2129 1137 2192 Nonas
1158 2129 1272 2192 Junias
1293 2131 1381 2217 Hya-

323 2229 422 2311 des⁹),
445 2253 527 2318 quae
546 2231 655 2294 omnia
674 2230 778 2294 sidera
796 2231 917 2294 imbres
932 2242 1112 2319 ventosque
1129 2232 1266 2295 excitare
1284 2231 1381 2347 vulgo

322 2332 522 2398 dicebantur.
573 2333 635 2396 Per
659 2331 725 2396 hoc
751 2331 848 2417 igitur
872 2333 1032 2419 temporis
1057 2333 1212 2418 spatium,
1243 2355 1310 2422 quo
1336 2331 1384 2399 via

322 2435 455 2500 delicet:

747 2535 902 2601 »maturis
924 2537 1057 2602 albescit
1077 2536 1190 2602 messis
1211 2536 1325 2614 aristis,

535 2639 578 2702 Et
600 2637 691 2702 color
713 2649 745 2702 et
765 2638 889 2726 species
908 2638 1046 2704 floribus
1068 2640 1174 2704 omnis
1196 2639 1278 2704 inest
1292 2645 1361 2718 ιο),«

325 2765 436 2831 quum,
458 2739 629 2805 deficiente
651 2739 771 2804 sensim
787 2740 973 2805 culmorum
989 2765 1095 2820 succo,
1116 2765 1184 2805 non
1201 2743 1268 2823 jam
1279 2742 1384 2806 valeat

323 2845 447 2908 humor
466 2843 622 2907 imbrium
645 2841 686 2906 ad
707 2842 911 2907 incrementa
934 2867 1049 2908 eorum
1070 2847 1231 2930 augenda,
1256 2844 1384 2930 pericu·

325 2947 394 3010 lum
415 2945 460 3024 fit,
481 2968 523 3008 ne
538 2956 726 3031 putrescant
743 2945 849 3031 spicae
867 2957 1130 3010 maturescentes.
1169 2948 1263 3010 Hanc
1278 2946 1383 3033 ipsam

326 3050 369 3113 ob
392 3070 522 3112 causam
544 3047 604 3111 sub
630 3048 743 3111 messis
769 3060 898 3135 tempus
926 3048 1085 3136 agricolae
1110 3048 1231 3136 ubique
1259 3049 1383 3112 bonam

325 3173 540 3238 serenamque
574 3148 735 3237 quaerunt
764 3161 1006 3236 tempestatem,
1050 3151 1124 3239 quia
1160 3151 1241 3215 udae
1274 3151 1383 3236 lruges

325 3279 386 3319 nec
418 3253 564 3318 celeriter
594 3265 829 3332 maturescere,
859 3277 919 3317 nec
952 3254 1087 3330 demeti,
1118 3277 1180 3317 nec
1205 3254 1239 3317 in
1265 3252 1385 3317 horrea

327 3357 423 3422 condi
444 3367 592 3443 possunt.
637 3357 709 3419 Hoc
730 3355 825 3442 igitur
845 3356 992 3441 periculo
1019 3356 1223 3432 imminente,
1253 3379 1295 3419 ne
1316 3355 1386 3418 lues

326 3462 469 3524 incurrat
490 3459 522 3522 in
545 3458 657 3544 spicas,
679 3457 776 3520 etiam
798 3481 815 3520 a
838 3457 990 3522 fratribus
1012 3457 1184 3521 Arvalibus
1204 3459 1307 3535 Mars,
1328 3457 1386 3521 Se-

327 3584 456 3639 mones‚
493 3547 593 3624 Lares
626 3561 828 3638 invocantur,
866 3573 915 3634 ut,
946 3559 1194 3623 imminentibus
1226 3558 1386 3622 imbribus

328 3688 427 3753 quam
455 3663 596 3727 maxime
623 3661 781 3739 coercitis,
817 3663 903 3727 Solis
930 3674 1020 3726 aestu
1053 3661 1162 3748 fruges
1190 3661 1332 3725 calefieri
1355 3671 1388 3722 et

329 3768 369 3832 ad
392 3766 528 3830 uberem
550 3765 779 3847 maturitatem¹
793 3765 939 3830 celeriter
959 3764 1130 3851 pervenire
1146 3766 1261 3829 sinant.
1295 3763 1388 3848 Quo

387 4033 414 4105 ο)
433 4033 514 4090 ovid.
532 4035 604 4090 Fast.
623 4032 658 4100 V,
675 4034 735 4100 599,
752 4034 810 4090 723.
829 4035 894 4101 734;
912 4035 961 4103 Vl,
980 4033 1038 4088 197.

377 4123 412 4194 ¹⁰>
431 4123 513 4179 Ovid.
531 4123 602 4177 Fast.
612 4121 647 4188 V,
666 4122 724 4176 355.
760 4124 823 4179 Hoc
842 4136 961 4197 tempore
981 4124 1008 4176 in
1025 4119 1247 4177 suovetaurilibus
1265 4117 1389 4174 circuma-

432 4212 526 4284 gendis
544 4213 661 4266 Martem
678 4211 798 4264 invocari
817 4211 883 4267 dicit
901 4211 1113 4285 Clausenp38:
1132 4205 1390 4281 utturgidumfaciat

433 4300 567 4359 emittatre
586 4320 600 4355 e
618 4312 692 4356 terra
710 4319 809 4354 semen.
828 4301 867 4354 11!
