3400 5042
824 513 899 585 176

328 688 550 776 publicorum,
577 687 752 751 duodecim
773 690 976 767 tabularum,
997 689 1136 753 aliorum
1158 705 1397 758 monumento-

328 815 401 856 rum
424 802 687 878 pervetustorum
711 790 774 855 lide
797 791 974 855 discedere.
1019 793 1098 855 lnde
1120 792 1242 857 sactum
1265 806 1328 872 est,
1358 808 1395 858 ut

327 894 451 957 Ennius
474 916 548 956 cum
574 893 674 956 l'abio
699 894 825 957 l’ictore
849 895 969 979 ubique
992 895 1189 958 consentiret
1204 901 1252 973 ⁴¹).

333 1066 338 1073 ¹
408 995 534 1058 Ennius
554 995 679 1080 primus
701 995 876 1080 imaginem
898 995 1048 1059 historiae
1071 998 1241 1060 Romanae
1264 1001 1392 1084 magni-

325 1097 392 1161 ficis
414 1097 577 1160 coloribus
600 1097 762 1183 depictam
784 1096 975 1162 admirantis
998 1098 1111 1185 populi
1135 1098 1236 1163 oculis
1262 1123 1391 1188 propo-

324 1200 396 1278 suit,
417 1210 449 1264 et
470 1198 581 1262 docuit
597 1199 775 1276 Romanos,
796 1199 924 1263 nullum
946 1223 1015 1263 esse
1038 1200 1210 1279 Achillem,
1232 1201 1291 1265 nisi
1316 1204 1390 1267 llo·

325 1324 453 1367 merum
485 1301 669 1365 facinorum
702 1324 838 1365 suorum
876 1324 1074 1388 praeconem
1112 1304 1279 1368 invenerit.
1333 1306 1389 1369 Ab

324 1404 432 1468 Ennio
459 1402 556 1490 igitur
581 1404 726 1490 primum
752 1404 778 1467 is
808 1403 967 1467 succrevit
992 1405 1084 1490 poesi
1112 1416 1144 1467 et
1165 1404 1270 1491 poetis
1297 1407 1389 1492 apud

326 1506 494 1569 Romanos
521 1503 644 1582 honor,
678 1516 712 1568 ut
733 1504 766 1568 lii
790 1507 860 1586 jure
883 1505 922 1568 ab
946 1528 986 1569 eo
1009 1506 1108 1570 sancti
1136 1506 1288 1593 appellati
1315 1530 1389 1572 esse

324 1606 521 1670 multitudini
545 1606 746 1684 viderentur,
779 1618 811 1671 et
836 1606 902 1670 hoc
928 1607 1024 1694 plane
1045 1629 1149 1678 *sensu
1177 1609 1293 1672 cecinit
1320 1609 1389 1674 Lu·

324 1709 459 1771 cretius:

426 1808 570 1873 »Ennius
593 1822 627 1874 ut
648 1821 759 1875 noster
779 1810 907 1888 cecinit,
932 1809 987 1896 qui
1010 1812 1136 1896 primus
1158 1831 1300 1874 amoeno

426 1909 551 1974 Detulit
573 1934 612 1974 ex
634 1911 791 1976 Helicone
813 1912 949 2000 perenni
972 1909 1091 1975 frunda
1113 1933 1280 1990 coronam,

426 2013 488 2076 Per
509 2024 621 2098 gentes
640 2014 733 2077 ltalas
754 2012 930 2077 hominum
953 2034 1037 2098 quae
1053 2013 1138 2077 clara
1156 2013 1297 2078 clueret«
1314 2021 1365 2093 ⁴²).

406 2116 494 2200 Ergo
517 2113 781 2179 demonstratum
807 2114 949 2190 videtur,
980 2113 1102 2178 nullam
1131 2137 1260 2178 causam
1287 2117 1390 2180 ratio-

323 2237 465 2304 nemque
487 2239 566 2293 esse,
588 2239 645 2280 cur
666 2217 829 2304 perierint,
851 2217 875 2280 si
896 2215 1015 2279 luerint
1027 2215 1114 2293 olim,
1136 2216 1226 2303 epica
1239 2217 1387 2283 carmina

323 2318 470 2406 longiora
499 2317 586 2405 apud
614 2319 794 2383 Romanos.
848 2320 893 2381 At
918 2339 986 2381 non
1014 2317 1111 2381 luisse
1139 2316 1206 2381 ullo
1234 2329 1389 2405 tempore

323 2421 470 2510 sequenti
492 2420 595 2506 capite
617 2419 912 2485 demonstrandum
934 2418 1002 2487 erit.

805 2729 886 2802 Xll

396 2870 455 2954 llll
493 2865 657 2970 tulltt
685 2865 1076 3074 unilsqll’iimm
1108 2867 1304 2953 sttcttt

875 3131 918 3170 lton
930 3131 980 3171 altu
993 3132 1069 3173 namt
1081 3132 1164 3172 mettere
1177 3135 1275 3182 noenta,
1289 3143 1357 3175 vernn

874 3203 905 3243 ttu
919 3203 970 3243 mu
984 3204 1033 3243 ert.
1049 3231 1055 3242 .
1069 3231 1075 3244 .
1089 3231 1094 3241 .

1171 3273 1278 3315 Horatius.

401 3402 563 3487 Quintum
579 3401 619 3464 ab
638 3401 718 3464 urbe
731 3400 860 3466 condita
871 3402 1036 3466 saeculum
1049 3400 1248 3466 Niebuhrius
1260 3405 1381 3482 statuit,

320 3528 386 3594 quo
408 3504 613 3591 potissimum
635 3515 828 3567 canerentur
849 3504 1000 3570 sublimia
1023 3506 1113 3592 epica
1135 3505 1293 3582 carmina,
1314 3507 1382 3593 pri-

317 3631 411 3672 mum
423 3607 512 3695 quod
525 3606 593 3692 ipse
604 3604 784 3690 profitetur,
795 3607 922 3671 nonnisi
935 3607 1142 3671 sacerdotum
1154 3605 1382 3694 patriciorum-

318 3733 382 3797 que
394 3720 527 3796 angusta
539 3730 576 3773 ac
587 3707 807 3795 superstitiosa
814 3708 1039 3775 dominatione
1050 3709 1378 3797 collapsa¹),liberum

361 3928 399 3996 ⁴²¹)
418 3930 461 3985 Cl'.
479 3932 618 3986 Peterson.
637 3930 730 4002 Origg.
750 3932 821 3986 Hist.
840 3934 919 3987 Rom.
935 3953 961 4006 p.
979 3933 1005 3987 4.

361 4014 399 4086 ²²)
418 4019 524 4073 Lucret.
544 4016 612 4076 Can.
631 4019 665 4072 de
682 4037 738 4072 ver.
756 4032 808 4073 nat.
829 4020 850 4084 1,
870 4021 927 4074 111.

374 4102 397 4172 ¹)
417 4105 496 4160 Hanc
520 4107 591 4160 enim
614 4107 649 4161 ob
672 4108 838 4161 sacerdotum
865 4107 1076 4162 dominationem
1103 4105 1255 4161 liberiorem
1282 4107 1378 4179 poesin

417 4193 488 4265 apud
514 4193 641 4250 Etruscos
667 4195 781 4250 existere
815 4215 872 4249 nou
898 4195 1015 4268 potuine
1041 4193 1181 4268 profitetur
1206 4193 1286 4249 Nieb.
1313 4193 1377 4250 trist.

418 4281 496 4335 Rom.
515 4281 535 4348 1,
551 4300 576 4354 p.
596 4281 653 4336 147.
