3400 5042
830 491 880 565 70

352 673 420 740 tus,
441 688 529 742 eoos,
550 685 613 752 qua
636 663 732 730 etiam
754 665 876 754 antiqui
899 688 958 753 per
980 691 1014 731 se
1036 666 1233 732 utebanturs·
1275 669 1406 732 Petilom

353 762 442 828 idem
464 763 642 851 significare
663 789 701 830 ac
721 773 829 854 spetile
849 760 1067 856 conscpicitur
1088 793 1105 832 e
1123 767 1210 833 Fest.
1231 790 1263 854 p.
1281 773 1342 833 200
1363 791 1406 831 v.:

352 871 520 932 »Pstimiso
542 915 672 932 .....
700 892 739 932 eo
770 870 905 935 nomine
935 882 1044 936 autem
1075 870 1161 934 inter
1187 869 1269 933 duos
1297 891 1406 933 armos

352 969 416 1035 suis
437 968 525 1057 quod
548 981 610 1045 est,
641 981 696 1036 aut
716 986 816 1037 nectos
837 972 967 1037 solitum
989 971 1145 1063 appellari
1166 982 1301 1036 testatur
1321 971 1406 1034 Nae-

352 1071 450 1135 vius.u
499 1072 560 1136 Hic
585 1071 763 1137 Muellerus
790 1097 852 1161 pro
880 1086 1033 1161 corrupto
1065 1089 1167 1139 nectos
1193 1074 1261 1137 vult
1283 1087 1407 1160 pertuso

352 1184 384 1236 at
405 1184 540 1260 apparet
561 1199 635 1239 exos
658 1174 860 1262 epraedenti
883 1176 988 1262 glossa
1010 1196 1081 1240 esse
1105 1174 1324 1240 scribendum.

432 1279 556 1341 Potula.
579 1275 621 1340 cf.
643 1276 696 1341 Fr.
719 1276 781 1342 No.
803 1284 832 1344 8.

432 1381 603 1443 »Pilumooa
627 1384 735 1463 poploe
757 1379 789 1443 in
811 1380 954 1444 carmine
977 1378 1105 1456 Saliari,
1132 1378 1289 1456 Romani,
1316 1378 1404 1442 velut

354 1480 425 1566 pilis
446 1480 490 1544 uti
513 1479 644 1544 assueti:
666 1480 716 1544 vel
739 1481 813 1568 quia
834 1483 1007 1569 praecipue
1029 1481 1153 1568 pellant
1173 1480 1405 1546 hostes.“Fest.

350 1606 382 1668 p.
404 1589 473 1647 205.
516 1581 678 1646 Meursius
705 1583 946 1670 interpretatur:
975 1591 1082 1669 populi
1103 1589 1235 1647 Pilumni
1257 1587 1320 1662 dei,
1351 1582 1405 1669 qui

355 1685 443 1749 idem
467 1684 512 1748 sic
533 1708 571 1748 ac
591 1691 734 1750 Romulus
762 1689 920 1770 Quirinus,
958 1711 1060 1773 quum
1088 1689 1129 1751 ab
1154 1691 1245 1751 tasso
1269 1697 1405 1772 uterque

277 1872 287 1891 ·
352 1810 474 1851 nomen
506 1787 637 1851 traxerit
668 1793 778 1872 (pilum
798 1801 830 1853 et
851 1795 967 1867 curus).
1020 1793 1064 1854 At
1090 1801 1175 1854 recte
1203 1787 1350 1852 Gutberl.
1372 1811 1405 1873 p.

354 1897 421 1956 148.
440 1916 473 1954 eo
496 1889 734 1954 nominativum
755 1891 896 1956 indicare
918 1892 998 1956 vidit
1018 1876 1103 1969 (οἷ),
1123 1890 1406 1978 Muellapproba-

280 2000 285 2013 ‘
351 1992 410 2070 vit,
443 1992 582 2080 ideoque
606 1998 754 2077 pilumnoe
777 2001 886 2079 poploe
913 1994 994 2058 nihil
1016 1994 1103 2060 aliud
1125 2005 1174 2058 est
1194 2016 1292 2082 quam
1311 1998 1411 2078 piloni

347 2102 465 2180 populi,
502 2119 603 2183 quum
631 2090 721 2160 umus
748 2108 780 2160 et
801 2124 903 2162 omnus
931 2098 994 2162 sint
1018 2096 1253 2176 adjectivorum
1280 2096 1404 2160 formae

351 2197 461 2285 quales
484 2225 574 2276 unus,
603 2204 684 2276 risus,
712 2225 797 2264 anus.
840 2201 957 2288 Neque
976 2199 1062 2264 aliud
1084 2199 1180 2285 igitur
1200 2198 1286 2263 valet
1305 2198 1405 2284 ipsius

350 2305 482 2366 Pilumni
500 2301 551 2366 dei
573 2325 704 2366 nomen.
747 2304 795 2366 lta
822 2326 900 2368 vero
926 2313 1067 2367 cenasse
1089 2301 1202 2387 priscis
1224 2301 1302 2366 olim
1324 2312 1404 2366 tem-

350 2404 484 2491 poribus
501 2403 578 2470 Salii
594 2404 785 2470 solemniter
799 2405 951 2470 videntur
966 2416 1040 2468 vota
1056 2403 1210 2469 facientes
1226 2428 1287 2491 pro
1305 2403 1405 2472 salute

350 2507 463 2593 populi
492 2508 648 2586 Romani,
679 2508 868 2596 priusquam
896 2507 1057 2572 formula:
1094 2511 1229 2591 Populus
1255 2511 1406 2571 Romanus

352 2615 485 2697 Quirites
516 2609 645 2696 publice
677 2609 775 2674 luerit
806 2621 962 2697 concepta
995 2622 1027 2674 et
1058 2621 1245 2674 constanter
1276 2610 1403 2681 usitata;

350 2735 457 2799 neque
490 2710 668 2800 quidquam
699 2724 866 2778 mutarunt
903 2712 1000 2778 etiam
1031 2712 1169 2799 posteris
1202 2712 1405 2799 temporibus

349 2813 546 2891 sacerdotes,
577 2814 650 2902 quia
672 2815 784 2901 religio
806 2815 944 2881 vetabat.

431 2922 588 2996 spissum,
623 2915 790 3004 plurima.“
841 2919 925 2983 Fest.
951 2941 983 3005 p.
1010 2923 1070 2983 205
1097 2941 1173 2982 cum
1199 2916 1311 2981 Muell.
1338 2928 1404 2980 not.

351 3019 441 3083 Aliae
463 3019 552 3083 verbi
574 3020 702 3084 formae
724 3019 890 3106 antiquae:
918 3027 1059 3105 plusmso,
1087 3021 1192 3084 Varro
1214 3021 1251 3083 l..
1274 3021 1310 3083 l..
1333 3021 1406 3095 Vll,

349 3128 398 3190 27.
420 3145 453 3208 p.
479 3127 545 3187 130.
564 3129 729 3208 ploisumo‚
753 3129 902 3208 plotiumo
922 3123 963 3186 cf.
980 3122 1122 3211 Scipion.
1144 3146 1292 3187 monum.

431 3229 530 3305 Polei,
551 3225 667 3312 pollet:
697 3225 771 3312 quia
793 3226 940 3291 nondum
962 3226 1172 3314 geminabant
1187 3225 1309 3313 antiqui
1326 3249 1404 3289 con·
1502 3239 1505 3243 ’

350 3329 503 3394 sonantis.
526 3330 609 3393 Fest.
631 3353 663 3415 p.
685 3334 745 3394 205
768 3353 842 3392 cum
865 3329 977 3394 Muell.
999 3340 1068 3397 not.

432 3436 559 3496 »Polieo
585 3455 646 3518 pro
674 3437 845 3496 ulteriora«
893 3433 978 3496 Fest.
1010 3457 1042 3519 p.
1069 3439 1139 3497 205.
1190 3433 1278 3495 llaec
1307 3431 1405 3517 expli·
1510 3500 1513 3505 ,

350 3534 433 3599 catio
455 3535 545 3598 omni
566 3534 692 3598 ratione
714 3558 827 3600 carens
848 3535 945 3620 plane
967 3536 1053 3600 nulla
1076 3547 1136 3612 est,
1168 3559 1230 3600 nec
1255 3534 1403 3608 dubium,

224 3636 226 3638 ’
353 3639 431 3725 quin
452 3638 548 3725 plane
570 3648 722 3724 corrupta
745 3637 786 3701 ait
804 3638 923 3723 glossa:
951 3662 1033 3726 quae
1054 3649 1162 3701 tamen
1184 3635 1278 3700 facile
1301 3638 1404 3702 sanari

350 3743 473 3828 poterit
493 3742 614 3827 scripto
637 3747 770 3824 pultario
792 3764 850 3805 seu
874 3747 1004 3826 pultario
1026 3764 1087 3828 pro
1115 3746 1274 3819 ulteriore,
1307 3740 1406 3803 itaut

350 3845 529 3909 habeamus
562 3843 753 3924 adjectivum
783 3850 904 3928 pulteus
937 3868 994 3909 seu
1022 3850 1142 3927 polteus
1170 3867 1188 3906 a
1212 3848 1297 3927 pulte
1322 3842 1405 3906 deri-

351 3948 492 4012 vandum
513 3946 601 4034 apud
628 3947 778 4034 antiquos
806 3947 928 4011 dictum
949 3971 1010 4033 pro
1034 3953 1178 4031 pultario.
1219 3944 1350 4008 Etenim
1372 3944 1405 4007 in

353 4049 491 4138 publicis
520 4049 680 4114 sacrificiis
705 4057 775 4134 puls
789 4053 907 4133 subala
927 4049 1065 4116 dabatur
1085 4051 1146 4115 diis
1166 4049 1208 4117 cl.
1229 4074 1259 4113 v.
1280 4050 1407 4130 Refrioo

343 4156 433 4236 soie.

433 4263 609 4324 Pommelios
633 4257 674 4322 cf.
697 4256 749 4322 Fr.
771 4255 834 4320 No.
856 4262 888 4324 Θ.
