<?xml version="1.0" encoding="UTF-8"?>
<!DOCTYPE html PUBLIC "-//W3C//DTD XHTML 1.0 Transitional//EN"
    "http://www.w3.org/TR/xhtml1/DTD/xhtml1-transitional.dtd">
<html xmlns="http://www.w3.org/1999/xhtml" xml:lang="en" lang="en">
 <head>
  <title>
</title>
<meta http-equiv="Content-Type" content="text/html;charset=utf-8" />
  <meta name='ocr-system' content='tesseract 3.04.00' />
  <meta name='ocr-capabilities' content='ocr_page ocr_carea ocr_par ocr_line ocrx_word'/>
</head>
<body>
  <div class='ocr_page' id='page_1' title='image "./originespoesisr00corsgoog/originespoesisr00corsgoog_0078.png"; bbox 0 0 3400 5042; ppageno 0'>
   <div class='ocr_carea' id='block_1_1' title="bbox 345 707 1405 1009">
    <p class='ocr_par' dir='ltr' id='par_1_1' title="bbox 345 707 1405 1009">
     <span class='ocr_line' id='line_1_1' title="bbox 345 707 1405 802; baseline 0.003 -23"><span class='ocrx_word' id='word_1_1' title='bbox 345 707 546 791; x_wconf 71' lang='lat' dir='ltr'><strong><em>exhiberent,</em></strong></span> <span class='ocrx_word' id='word_1_2' title='bbox 565 719 712 795; x_wconf 81' lang='lat' dir='ltr'><strong>utpotae</strong></span> <span class='ocrx_word' id='word_1_3' title='bbox 733 733 811 800; x_wconf 79' lang='lat' dir='ltr'><strong>quse</strong></span> <span class='ocrx_word' id='word_1_4' title='bbox 831 708 994 790; x_wconf 81' lang='lat' dir='ltr'><strong>biberunt,</strong></span> <span class='ocrx_word' id='word_1_5' title='bbox 1014 733 1076 779; x_wconf 81' lang='lat' dir='ltr'><strong>nee</strong></span> <span class='ocrx_word' id='word_1_6' title='bbox 1086 711 1236 781; x_wconf 82' lang='lat' dir='ltr'><strong><em>dubitare</em></strong></span> <span class='ocrx_word' id='word_1_7' title='bbox 1246 715 1405 802; x_wconf 85' lang='lat' dir='ltr'><strong>potuisset</strong></span> 
     </span>
     <span class='ocr_line' id='line_1_2' title="bbox 345 809 1405 906; baseline 0.008 -31"><span class='ocrx_word' id='word_1_8' title='bbox 345 811 480 878; x_wconf 79' lang='lat' dir='ltr'><strong><em>Verrius</em></strong></span> <span class='ocrx_word' id='word_1_9' title='bbox 500 809 648 889; x_wconf 82' lang='lat' dir='ltr'><strong>Flaccus,</strong></span> <span class='ocrx_word' id='word_1_10' title='bbox 667 821 779 877; x_wconf 89' lang='lat' dir='ltr'><strong>utrum</strong></span> <span class='ocrx_word' id='word_1_11' title='bbox 800 817 1001 891; x_wconf 66' lang='lat' dir='ltr'><strong><em>emereretur,</em></strong></span> <span class='ocrx_word' id='word_1_12' title='bbox 1022 836 1064 881; x_wconf 92' lang='lat' dir='ltr'><strong>an</strong></span> <span class='ocrx_word' id='word_1_13' title='bbox 1085 828 1192 902; x_wconf 78' lang='lat' dir='ltr'><strong>epotas</strong></span> <span class='ocrx_word' id='word_1_14' title='bbox 1212 815 1405 906; x_wconf 86' lang='lat' dir='ltr'><strong><em>interpreta-</em></strong></span> 
     </span>
     <span class='ocr_line' id='line_1_3' title="bbox 345 911 1404 1009; baseline 0.005 -28"><span class='ocrx_word' id='word_1_15' title='bbox 345 925 444 992; x_wconf 88' lang='lat' dir='ltr'><strong><em>retur,</em></strong></span> <span class='ocrx_word' id='word_1_16' title='bbox 465 911 526 978; x_wconf 88' lang='lat' dir='ltr'><strong>nisi</strong></span> <span class='ocrx_word' id='word_1_17' title='bbox 547 911 588 976; x_wconf 85' lang='lat' dir='ltr'><strong>ed</strong></span> <span class='ocrx_word' id='word_1_18' title='bbox 610 912 754 978; x_wconf 88' lang='lat' dir='ltr'><strong>victimas</strong></span> <span class='ocrx_word' id='word_1_19' title='bbox 775 913 954 1000; x_wconf 80' lang='lat' dir='ltr'>pertineret</span> <span class='ocrx_word' id='word_1_20' title='bbox 974 922 1110 984; x_wconf 76' lang='lat' dir='ltr'><strong>extum.</strong></span> <span class='ocrx_word' id='word_1_21' title='bbox 1142 919 1257 1009; x_wconf 86' lang='lat' dir='ltr'><strong>ltaque</strong></span> <span class='ocrx_word' id='word_1_22' title='bbox 1278 925 1404 987; x_wconf 84' lang='lat' dir='ltr'><strong><em>exbures</em></strong></span> 
     </span>
    </p>
   </div>
   <div class='ocr_carea' id='block_1_2' title="bbox 345 993 1407 2857">
    <p class='ocr_par' dir='ltr' id='par_1_2' title="bbox 345 993 1406 1904">
     <span class='ocr_line' id='line_1_4' title="bbox 346 993 1404 1106; baseline 0.006 -23"><span class='ocrx_word' id='word_1_23' title='bbox 346 1027 420 1086; x_wconf 87' lang='lat' dir='ltr'><strong>sunt</strong></span> <span class='ocrx_word' id='word_1_24' title='bbox 451 1019 594 1083; x_wconf 81' lang='lat' dir='ltr'><strong><em>exuberes</em></strong></span> <span class='ocrx_word' id='word_1_25' title='bbox 630 993 903 1094; x_wconf 58' lang='lat' dir='ltr'><strong><em>(surrexeerat</em></strong></span> <span class='ocrx_word' id='word_1_26' title='bbox 928 1040 1011 1106; x_wconf 88' lang='lat' dir='ltr'><strong>quae</strong></span> <span class='ocrx_word' id='word_1_27' title='bbox 1047 1042 1116 1084; x_wconf 91' lang='lat' dir='ltr'><strong>non</strong></span> <span class='ocrx_word' id='word_1_28' title='bbox 1146 1022 1211 1101; x_wconf 83' lang='lat' dir='ltr'><strong>jem</strong></span> <span class='ocrx_word' id='word_1_29' title='bbox 1242 1027 1404 1090; x_wconf 85' lang='lat' dir='ltr'><strong><em>sububeres</em></strong></span> 
     </span>
     <span class='ocr_line' id='line_1_5' title="bbox 345 1098 1403 1213; baseline 0.011 -34"><span class='ocrx_word' id='word_1_30' title='bbox 345 1098 580 1198; x_wconf 64' lang='grc' dir='ltr'>ὗπομᾶσῖιθθ)</span> <span class='ocrx_word' id='word_1_31' title='bbox 602 1138 704 1207; x_wconf 87' lang='lat' dir='ltr'><strong>egnae</strong></span> <span class='ocrx_word' id='word_1_32' title='bbox 726 1140 782 1183; x_wconf 89' lang='lat' dir='ltr'><strong>seu</strong></span> <span class='ocrx_word' id='word_1_33' title='bbox 798 1119 963 1199; x_wconf 81' lang='lat' dir='ltr'><strong>juvencae,</strong></span> <span class='ocrx_word' id='word_1_34' title='bbox 985 1119 1041 1210; x_wconf 89' lang='lat' dir='ltr'><strong>qui</strong></span> <span class='ocrx_word' id='word_1_35' title='bbox 1053 1121 1145 1187; x_wconf 86' lang='lat' dir='ltr'><strong><em>verbi</em></strong></span> <span class='ocrx_word' id='word_1_36' title='bbox 1157 1145 1268 1190; x_wconf 89' lang='lat' dir='ltr'><strong>sensus</strong></span> <span class='ocrx_word' id='word_1_37' title='bbox 1279 1125 1403 1213; x_wconf 89' lang='lat' dir='ltr'><strong>optime</strong></span> 
     </span>
     <span class='ocr_line' id='line_1_6' title="bbox 346 1217 1404 1314; baseline 0.009 -28"><span class='ocrx_word' id='word_1_38' title='bbox 346 1217 499 1286; x_wconf 84' lang='lat' dir='ltr'><strong>convenit</strong></span> <span class='ocrx_word' id='word_1_39' title='bbox 519 1241 595 1285; x_wconf 88' lang='lat' dir='ltr'><strong>eum</strong></span> <span class='ocrx_word' id='word_1_40' title='bbox 616 1218 723 1285; x_wconf 86' lang='lat' dir='ltr'><strong>verbis</strong></span> <span class='ocrx_word' id='word_1_41' title='bbox 744 1219 938 1287; x_wconf 75' lang='lat' dir='ltr'><strong>Saliaribus:</strong></span> <span class='ocrx_word' id='word_1_42' title='bbox 971 1226 1135 1303; x_wconf 80' lang='lat' dir='ltr'><strong>Exoletus,</strong></span> <span class='ocrx_word' id='word_1_43' title='bbox 1156 1229 1271 1314; x_wconf 79' lang='lat' dir='ltr'><strong>Apisa,</strong></span> <span class='ocrx_word' id='word_1_44' title='bbox 1289 1253 1404 1314; x_wconf 83' lang='lat' dir='ltr'><strong>penna·</strong></span> 
     </span>
     <span class='ocr_line' id='line_1_7' title="bbox 346 1321 1403 1416; baseline 0.006 -26"><span class='ocrx_word' id='word_1_45' title='bbox 346 1336 397 1391; x_wconf 80' lang='lat' dir='ltr'><strong>tar</strong></span> <span class='ocrx_word' id='word_1_46' title='bbox 417 1328 662 1410; x_wconf 74' lang='lat' dir='ltr'><strong><em>t‘rrpennatarque</em></strong></span> <span class='ocrx_word' id='word_1_47' title='bbox 682 1347 787 1402; x_wconf 72' lang='lat' dir='ltr'><strong>aenas.</strong></span> <span class='ocrx_word' id='word_1_48' title='bbox 821 1321 970 1390; x_wconf 87' lang='lat' dir='ltr'>Omnino</span> <span class='ocrx_word' id='word_1_49' title='bbox 992 1349 1071 1392; x_wconf 89' lang='lat' dir='ltr'><strong><em>vero</em></strong></span> <span class='ocrx_word' id='word_1_50' title='bbox 1088 1327 1403 1416; x_wconf 77' lang='lat' dir='ltr'><strong>victimarumgenus</strong></span> 
     </span>
     <span class='ocr_line' id='line_1_8' title="bbox 346 1423 1405 1526; baseline 0.006 -34"><span class='ocrx_word' id='word_1_51' title='bbox 346 1424 556 1526; x_wconf 68' lang='lat' dir='ltr'><strong>speciemque</strong></span> <span class='ocrx_word' id='word_1_52' title='bbox 581 1424 615 1491; x_wconf 91' lang='lat' dir='ltr'><strong>in</strong></span> <span class='ocrx_word' id='word_1_53' title='bbox 642 1423 738 1490; x_wconf 90' lang='lat' dir='ltr'><strong>sacris</strong></span> <span class='ocrx_word' id='word_1_54' title='bbox 763 1423 855 1490; x_wconf 88' lang='lat' dir='ltr'><strong>libris</strong></span> <span class='ocrx_word' id='word_1_55' title='bbox 882 1426 1143 1519; x_wconf 69' lang='lat' dir='ltr'>carminibusque</span> <span class='ocrx_word' id='word_1_56' title='bbox 1173 1444 1320 1499; x_wconf 77' lang='lat' dir='ltr'><strong>accurate</strong></span> <span class='ocrx_word' id='word_1_57' title='bbox 1348 1433 1405 1498; x_wconf 85' lang='lat' dir='ltr'><strong>de·</strong></span> 
     </span>
     <span class='ocr_line' id='line_1_9' title="bbox 345 1525 1406 1625; baseline 0.004 -28"><span class='ocrx_word' id='word_1_58' title='bbox 345 1527 508 1625; x_wconf 81' lang='lat' dir='ltr'><strong>scripsisse</strong></span> <span class='ocrx_word' id='word_1_59' title='bbox 529 1525 684 1599; x_wconf 76' lang='lat' dir='ltr'><strong>antistites</strong></span> <span class='ocrx_word' id='word_1_60' title='bbox 704 1525 885 1614; x_wconf 85' lang='lat' dir='ltr'><strong>religiosos,</strong></span> <span class='ocrx_word' id='word_1_61' title='bbox 918 1529 1039 1596; x_wconf 85' lang='lat' dir='ltr'><strong>docent</strong></span> <span class='ocrx_word' id='word_1_62' title='bbox 1057 1543 1127 1596; x_wconf 86' lang='lat' dir='ltr'><strong>acta</strong></span> <span class='ocrx_word' id='word_1_63' title='bbox 1148 1532 1285 1600; x_wconf 85' lang='lat' dir='ltr'><strong>lrstrum</strong></span> <span class='ocrx_word' id='word_1_64' title='bbox 1305 1537 1406 1601; x_wconf 81' lang='lat' dir='ltr'><strong><em>Arva-</em></strong></span> 
     </span>
     <span class='ocr_line' id='line_1_10' title="bbox 346 1628 1404 1724; baseline 0.001 -23"><span class='ocrx_word' id='word_1_65' title='bbox 346 1632 443 1712; x_wconf 88' lang='lat' dir='ltr'><strong>lium,</strong></span> <span class='ocrx_word' id='word_1_66' title='bbox 473 1628 665 1717; x_wconf 88' lang='lat' dir='ltr'><strong>Eugubinae</strong></span> <span class='ocrx_word' id='word_1_67' title='bbox 692 1632 972 1717; x_wconf 88' lang='lat' dir='ltr'><strong>comprecationes</strong></span> <span class='ocrx_word' id='word_1_68' title='bbox 999 1634 1085 1699; x_wconf 88' lang='lat' dir='ltr'><strong>Festi</strong></span> <span class='ocrx_word' id='word_1_69' title='bbox 1114 1634 1253 1724; x_wconf 91' lang='lat' dir='ltr'><strong><em>denique</em></strong></span> <span class='ocrx_word' id='word_1_70' title='bbox 1279 1637 1404 1723; x_wconf 77' lang='lat' dir='ltr'><strong>glossae</strong></span> 
     </span>
     <span class='ocr_line' id='line_1_11' title="bbox 346 1731 1405 1828; baseline 0.006 -29"><span class='ocrx_word' id='word_1_71' title='bbox 346 1735 450 1801; x_wconf 85' lang='lat' dir='ltr'><strong>velut:</strong></span> <span class='ocrx_word' id='word_1_72' title='bbox 473 1736 593 1809; x_wconf 74' lang='lat' dir='ltr'><strong>Adasia</strong></span> <span class='ocrx_word' id='word_1_73' title='bbox 614 1738 688 1810; x_wconf 69' lang='lat' dir='ltr'><strong>oves,</strong></span> <span class='ocrx_word' id='word_1_74' title='bbox 708 1731 814 1799; x_wconf 71' lang='lat' dir='ltr'><strong><em>Arriae</em></strong></span> <span class='ocrx_word' id='word_1_75' title='bbox 829 1751 929 1820; x_wconf 82' lang='lat' dir='ltr'><strong><em>caput,</em></strong></span> <span class='ocrx_word' id='word_1_76' title='bbox 949 1738 1072 1819; x_wconf 81' lang='lat' dir='ltr'><strong><em>eonfeta</em></strong></span> <span class='ocrx_word' id='word_1_77' title='bbox 1091 1765 1153 1818; x_wconf 77' lang='lat' dir='ltr'><strong>sus,</strong></span> <span class='ocrx_word' id='word_1_78' title='bbox 1173 1738 1263 1818; x_wconf 86' lang='lat' dir='ltr'><strong>aliae,</strong></span> <span class='ocrx_word' id='word_1_79' title='bbox 1285 1739 1325 1805; x_wconf 88' lang='lat' dir='ltr'><strong>de</strong></span> <span class='ocrx_word' id='word_1_80' title='bbox 1337 1741 1405 1828; x_wconf 92' lang='lat' dir='ltr'><strong>qui-</strong></span> 
     </span>
     <span class='ocr_line' id='line_1_12' title="bbox 346 1834 850 1904; baseline -0.004 0"><span class='ocrx_word' id='word_1_81' title='bbox 346 1839 408 1904; x_wconf 86' lang='lat' dir='ltr'><strong>bus</strong></span> <span class='ocrx_word' id='word_1_82' title='bbox 430 1837 470 1902; x_wconf 83' lang='lat' dir='ltr'><strong>cl.</strong></span> <span class='ocrx_word' id='word_1_83' title='bbox 491 1835 604 1901; x_wconf 87' lang='lat' dir='ltr'><strong>Muell.</strong></span> <span class='ocrx_word' id='word_1_84' title='bbox 626 1834 738 1900; x_wconf 87' lang='lat' dir='ltr'><strong>lndex.</strong></span> <span class='ocrx_word' id='word_1_85' title='bbox 760 1837 850 1903; x_wconf 88' lang='lat' dir='ltr'><strong><em>verb.</em></strong></span> 
     </span>
    </p>

    <p class='ocr_par' dir='ltr' id='par_1_3' title="bbox 346 1937 1407 2646">
     <span class='ocr_line' id='line_1_13' title="bbox 430 1937 1405 2034; baseline 0.013 -35"><span class='ocrx_word' id='word_1_86' title='bbox 430 1943 614 2024; x_wconf 75' lang='lat' dir='ltr'><strong>»Excipuum</strong></span> <span class='ocrx_word' id='word_1_87' title='bbox 635 1937 724 2028; x_wconf 85' lang='lat' dir='ltr'><strong>quod</strong></span> <span class='ocrx_word' id='word_1_88' title='bbox 745 1945 909 2027; x_wconf 71' lang='lat' dir='ltr'><em>excipitur„</em></span> <span class='ocrx_word' id='word_1_89' title='bbox 929 1952 966 2005; x_wconf 90' lang='lat' dir='ltr'><strong>ut</strong></span> <span class='ocrx_word' id='word_1_90' title='bbox 984 1943 1198 2032; x_wconf 86' lang='lat' dir='ltr'><strong><em>praecipuum</em></strong></span> <span class='ocrx_word' id='word_1_91' title='bbox 1220 1947 1310 2034; x_wconf 88' lang='lat' dir='ltr'><strong>quod</strong></span> <span class='ocrx_word' id='word_1_92' title='bbox 1331 1960 1405 2013; x_wconf 90' lang='lat' dir='ltr'><strong>ante</strong></span> 
     </span>
     <span class='ocr_line' id='line_1_14' title="bbox 348 2040 1405 2138; baseline 0.004 -26"><span class='ocrx_word' id='word_1_93' title='bbox 348 2045 501 2135; x_wconf 65' lang='lat' dir='ltr'><strong><em>eapitur«</em></strong></span> <span class='ocrx_word' id='word_1_94' title='bbox 542 2040 642 2107; x_wconf 87' lang='lat' dir='ltr'><strong>Paull.</strong></span> <span class='ocrx_word' id='word_1_95' title='bbox 658 2065 690 2129; x_wconf 91' lang='lat' dir='ltr'><strong>p.</strong></span> <span class='ocrx_word' id='word_1_96' title='bbox 708 2047 757 2108; x_wconf 85' lang='lat'><strong>80.</strong></span> <span class='ocrx_word' id='word_1_97' title='bbox 776 2041 824 2107; x_wconf 90' lang='lat' dir='ltr'><strong>Id.</strong></span> <span class='ocrx_word' id='word_1_98' title='bbox 841 2066 874 2131; x_wconf 83' lang='lat' dir='ltr'><strong>p.</strong></span> <span class='ocrx_word' id='word_1_99' title='bbox 891 2048 945 2109; x_wconf 76' lang='lat'><strong>21:</strong></span> <span class='ocrx_word' id='word_1_100' title='bbox 968 2043 1166 2134; x_wconf 71' lang='lat' dir='ltr'><strong><em>»Ablegmr‘rra</em></strong></span> <span class='ocrx_word' id='word_1_101' title='bbox 1186 2061 1295 2138; x_wconf 81' lang='lat' dir='ltr'><strong><em>partes</em></strong></span> <span class='ocrx_word' id='word_1_102' title='bbox 1316 2063 1405 2116; x_wconf 83' lang='lat' dir='ltr'><strong>exto-</strong></span> 
     </span>
     <span class='ocr_line' id='line_1_15' title="bbox 346 2143 1405 2235; baseline 0.006 -23"><span class='ocrx_word' id='word_1_103' title='bbox 346 2172 438 2227; x_wconf 85' lang='lat' dir='ltr'>rum,</span> <span class='ocrx_word' id='word_1_104' title='bbox 469 2168 553 2235; x_wconf 90' lang='lat' dir='ltr'><strong>quae</strong></span> <span class='ocrx_word' id='word_1_105' title='bbox 581 2143 642 2208; x_wconf 89' lang='lat' dir='ltr'><strong>diis</strong></span> <span class='ocrx_word' id='word_1_106' title='bbox 670 2143 900 2210; x_wconf 81' lang='lat' dir='ltr'><strong>immolantur“</strong></span> <span class='ocrx_word' id='word_1_107' title='bbox 930 2157 963 2212; x_wconf 91' lang='lat' dir='ltr'><strong>et</strong></span> <span class='ocrx_word' id='word_1_108' title='bbox 994 2147 1072 2215; x_wconf 81' lang='lat' dir='ltr'><strong><em>ibid.</em></strong></span> <span class='ocrx_word' id='word_1_109' title='bbox 1105 2149 1242 2217; x_wconf 86' lang='lat' dir='ltr'><strong>Glossae</strong></span> <span class='ocrx_word' id='word_1_110' title='bbox 1273 2152 1405 2219; x_wconf 81' lang='lat' dir='ltr'><strong>Isidori:</strong></span> 
     </span>
     <span class='ocr_line' id='line_1_16' title="bbox 348 2253 1405 2336; baseline 0.007 -22"><span class='ocrx_word' id='word_1_111' title='bbox 348 2254 545 2330; x_wconf 72' lang='lat' dir='ltr'><strong>»Ablegmr&#39;na</strong></span> <span class='ocrx_word' id='word_1_112' title='bbox 564 2258 672 2333; x_wconf 92' lang='lat' dir='ltr'><strong>partes</strong></span> <span class='ocrx_word' id='word_1_113' title='bbox 694 2259 853 2323; x_wconf 84' lang='lat' dir='ltr'><strong>extorum,</strong></span> <span class='ocrx_word' id='word_1_114' title='bbox 874 2271 937 2336; x_wconf 90' lang='lat' dir='ltr'><strong>qua</strong></span> <span class='ocrx_word' id='word_1_115' title='bbox 955 2258 1147 2335; x_wconf 72' lang='lat' dir='ltr'><strong>prosegmina</strong></span> <span class='ocrx_word' id='word_1_116' title='bbox 1167 2253 1318 2321; x_wconf 90' lang='lat' dir='ltr'><strong>dicuntur</strong></span> <span class='ocrx_word' id='word_1_117' title='bbox 1333 2256 1365 2321; x_wconf 88' lang='lat' dir='ltr'><strong>h.</strong></span> <span class='ocrx_word' id='word_1_118' title='bbox 1378 2282 1405 2321; x_wconf 91' lang='lat' dir='ltr'><strong>e.</strong></span> 
     </span>
     <span class='ocr_line' id='line_1_17' title="bbox 349 2349 1407 2447; baseline 0.001 -25"><span class='ocrx_word' id='word_1_119' title='bbox 349 2379 431 2447; x_wconf 80' lang='lat' dir='ltr'><strong>quse</strong></span> <span class='ocrx_word' id='word_1_120' title='bbox 449 2358 652 2432; x_wconf 66' lang='lat' dir='ltr'><strong>allegantem«</strong></span> <span class='ocrx_word' id='word_1_121' title='bbox 686 2349 830 2415; x_wconf 88' lang='lat' dir='ltr'><strong>Easdem</strong></span> <span class='ocrx_word' id='word_1_122' title='bbox 840 2351 937 2437; x_wconf 89' lang='lat' dir='ltr'><strong>igitur</strong></span> <span class='ocrx_word' id='word_1_123' title='bbox 947 2364 1096 2419; x_wconf 85' lang='lat' dir='ltr'><strong>extorum</strong></span> <span class='ocrx_word' id='word_1_124' title='bbox 1106 2366 1213 2443; x_wconf 83' lang='lat' dir='ltr'><strong><em>partes</em></strong></span> <span class='ocrx_word' id='word_1_125' title='bbox 1228 2356 1407 2444; x_wconf 85' lang='lat' dir='ltr'><strong>significant</strong></span> 
     </span>
     <span class='ocr_line' id='line_1_18' title="bbox 347 2457 1405 2546; baseline 0 -21"><span class='ocrx_word' id='word_1_126' title='bbox 347 2460 467 2527; x_wconf 82' lang='lat' dir='ltr'><strong><em>verba:</em></strong></span> <span class='ocrx_word' id='word_1_127' title='bbox 500 2469 616 2541; x_wconf 81' lang='lat' dir='ltr'><strong><em>empta,</em></strong></span> <span class='ocrx_word' id='word_1_128' title='bbox 636 2457 818 2534; x_wconf 71' lang='lat' dir='ltr'><strong>allegmirra,</strong></span> <span class='ocrx_word' id='word_1_129' title='bbox 839 2460 995 2541; x_wconf 54' lang='lat' dir='ltr'><strong><em>excr&#39;pua„</em></strong></span> <span class='ocrx_word' id='word_1_130' title='bbox 1010 2461 1198 2525; x_wconf 80' lang='lat' dir='ltr'><strong>exdeeimata</strong></span> <span class='ocrx_word' id='word_1_131' title='bbox 1218 2459 1272 2540; x_wconf 81' lang='lat' dir='ltr'>(cf.</span> <span class='ocrx_word' id='word_1_132' title='bbox 1295 2460 1382 2541; x_wconf 85' lang='lat' dir='ltr'><strong>inlr.)</strong></span> <span class='ocrx_word' id='word_1_133' title='bbox 1393 2479 1405 2546; x_wconf 79' lang='lat'>3</span> 
     </span>
     <span class='ocr_line' id='line_1_19' title="bbox 348 2563 1132 2646; baseline 0.005 -21"><span class='ocrx_word' id='word_1_134' title='bbox 348 2564 390 2631; x_wconf 80' lang='lat' dir='ltr'><strong><em>el.</em></strong></span> <span class='ocrx_word' id='word_1_135' title='bbox 410 2586 440 2627; x_wconf 87' lang='lat' dir='ltr'><strong>v.</strong></span> <span class='ocrx_word' id='word_1_136' title='bbox 462 2564 604 2636; x_wconf 80' lang='lat' dir='ltr'><strong>lusiciae,</strong></span> <span class='ocrx_word' id='word_1_137' title='bbox 624 2572 810 2644; x_wconf 78' lang='lat' dir='ltr'><strong><em>expectorat,</em></strong></span> <span class='ocrx_word' id='word_1_138' title='bbox 831 2563 948 2636; x_wconf 60' lang='lat' dir='ltr'><strong>exstet·</strong></span> <span class='ocrx_word' id='word_1_139' title='bbox 960 2583 1132 2646; x_wconf 69' lang='lat' dir='ltr'><strong><em>expergere.</em></strong></span> 
     </span>
    </p>

    <p class='ocr_par' dir='ltr' id='par_1_4' title="bbox 350 2659 1407 2857">
     <span class='ocr_line' id='line_1_20' title="bbox 429 2659 1406 2755; baseline 0.002 -25"><span class='ocrx_word' id='word_1_140' title='bbox 429 2667 538 2730; x_wconf 81' lang='lat' dir='ltr'><strong><em>Exer&#39;et</em></strong></span> <span class='ocrx_word' id='word_1_141' title='bbox 564 2659 703 2726; x_wconf 72' lang='lat' dir='ltr'>excutiet</span> <span class='ocrx_word' id='word_1_142' title='bbox 730 2660 774 2730; x_wconf 84' lang='lat' dir='ltr'><strong>cf.</strong></span> <span class='ocrx_word' id='word_1_143' title='bbox 794 2685 824 2730; x_wconf 81' lang='lat' dir='ltr'><strong>v.</strong></span> <span class='ocrx_word' id='word_1_144' title='bbox 846 2666 1001 2729; x_wconf 85' lang='lat' dir='ltr'><strong><em>excudere.</em></strong></span> <span class='ocrx_word' id='word_1_145' title='bbox 1054 2665 1102 2730; x_wconf 90' lang='lat' dir='ltr'><strong>Ut</strong></span> <span class='ocrx_word' id='word_1_146' title='bbox 1127 2688 1205 2731; x_wconf 89' lang='lat' dir='ltr'><strong><em>vero</em></strong></span> <span class='ocrx_word' id='word_1_147' title='bbox 1231 2666 1406 2755; x_wconf 85' lang='lat' dir='ltr'><strong>antiquitus</strong></span> 
     </span>
     <span class='ocr_line' id='line_1_21' title="bbox 350 2772 1407 2857; baseline 0 -21"><span class='ocrx_word' id='word_1_148' title='bbox 350 2793 513 2856; x_wconf 73' lang='lat' dir='ltr'><strong><em>expergere</em></strong></span> <span class='ocrx_word' id='word_1_149' title='bbox 532 2787 594 2854; x_wconf 89' lang='lat' dir='ltr'><strong>per</strong></span> <span class='ocrx_word' id='word_1_150' title='bbox 613 2786 780 2853; x_wconf 82' lang='lat' dir='ltr'><strong>syncopen</strong></span> <span class='ocrx_word' id='word_1_151' title='bbox 800 2786 864 2852; x_wconf 88' lang='lat' dir='ltr'><strong>pro</strong></span> <span class='ocrx_word' id='word_1_152' title='bbox 885 2772 1092 2851; x_wconf 67' lang='lat' dir='ltr'><strong>exporrigere,</strong></span> <span class='ocrx_word' id='word_1_153' title='bbox 1109 2794 1236 2854; x_wconf 70' lang='lat' dir='ltr'><strong><em>pergam</em></strong></span> <span class='ocrx_word' id='word_1_154' title='bbox 1256 2792 1317 2857; x_wconf 91' lang='lat' dir='ltr'><strong>pro</strong></span> <span class='ocrx_word' id='word_1_155' title='bbox 1336 2797 1407 2857; x_wconf 85' lang='lat' dir='ltr'><strong><em>por-</em></strong></span> 
     </span>
    </p>
   </div>
   <div class='ocr_carea' id='block_1_3' title="bbox 349 2873 1491 2954">
    <p class='ocr_par' dir='ltr' id='par_1_5' title="bbox 349 2873 1491 2954">
     <span class='ocr_line' id='line_1_22' title="bbox 349 2873 1491 2954; baseline 0.004 -16"><span class='ocrx_word' id='word_1_156' title='bbox 349 2880 460 2954; x_wconf 69' lang='lat' dir='ltr'><strong>rigam,</strong></span> <span class='ocrx_word' id='word_1_157' title='bbox 485 2882 646 2936; x_wconf 79' lang='lat' dir='ltr'><strong>axamenta</strong></span> <span class='ocrx_word' id='word_1_158' title='bbox 666 2889 728 2954; x_wconf 84' lang='lat' dir='ltr'><strong>pro</strong></span> <span class='ocrx_word' id='word_1_159' title='bbox 750 2873 932 2932; x_wconf 82' lang='lat' dir='ltr'><strong>acitamenta</strong></span> <span class='ocrx_word' id='word_1_160' title='bbox 953 2873 1078 2948; x_wconf 79' lang='lat' dir='ltr'><strong><em>(exere,</em></strong></span> <span class='ocrx_word' id='word_1_161' title='bbox 1105 2876 1238 2951; x_wconf 74' lang='lat' dir='ltr'><strong><em>recitare,</em></strong></span> <span class='ocrx_word' id='word_1_162' title='bbox 1263 2879 1405 2954; x_wconf 72' lang='lat' dir='ltr'><strong><em>agitare),</em></strong></span> <span class='ocrx_word' id='word_1_163' title='bbox 1488 2937 1491 2942; x_wconf 93' lang='lat'><em>.</em></span> 
     </span>
    </p>
   </div>
   <div class='ocr_carea' id='block_1_4' title="bbox 342 2969 1424 4301">
    <p class='ocr_par' dir='ltr' id='par_1_6' title="bbox 349 2969 1100 3055">
     <span class='ocr_line' id='line_1_23' title="bbox 349 2969 1100 3055; baseline -0.005 -11"><span class='ocrx_word' id='word_1_164' title='bbox 349 2977 394 3045; x_wconf 86' lang='lat' dir='ltr'><strong>sic</strong></span> <span class='ocrx_word' id='word_1_165' title='bbox 414 2991 487 3042; x_wconf 81' lang='lat' dir='ltr'><strong><em>exta</em></strong></span> <span class='ocrx_word' id='word_1_166' title='bbox 510 2985 619 3039; x_wconf 88' lang='lat' dir='ltr'><strong>ortum</strong></span> <span class='ocrx_word' id='word_1_167' title='bbox 640 2969 768 3035; x_wconf 85' lang='lat' dir='ltr'><strong><em>videtur</em></strong></span> <span class='ocrx_word' id='word_1_168' title='bbox 788 2971 829 3034; x_wconf 84' lang='lat' dir='ltr'><strong>ab</strong></span> <span class='ocrx_word' id='word_1_169' title='bbox 852 2978 953 3038; x_wconf 81' lang='lat' dir='ltr'><strong>excite</strong></span> <span class='ocrx_word' id='word_1_170' title='bbox 973 2976 1100 3055; x_wconf 74' lang='lat' dir='ltr'><strong><em>(mete).</em></strong></span> 
     </span>
    </p>

    <p class='ocr_par' dir='ltr' id='par_1_7' title="bbox 342 3073 1424 4301">
     <span class='ocr_line' id='line_1_24' title="bbox 432 3073 1406 3164; baseline 0.006 -29"><span class='ocrx_word' id='word_1_171' title='bbox 432 3081 623 3153; x_wconf 58' lang='lat' dir='ltr'><strong><em>‚excudere</em></strong></span> <span class='ocrx_word' id='word_1_172' title='bbox 643 3073 825 3161; x_wconf 81' lang='lat' dir='ltr'><strong>procudere</strong></span> <span class='ocrx_word' id='word_1_173' title='bbox 847 3085 880 3139; x_wconf 90' lang='lat' dir='ltr'><strong>et</strong></span> <span class='ocrx_word' id='word_1_174' title='bbox 900 3076 991 3141; x_wconf 88' lang='lat' dir='ltr'><strong>incus</strong></span> <span class='ocrx_word' id='word_1_175' title='bbox 1012 3076 1082 3164; x_wconf 88' lang='lat' dir='ltr'><strong>ipsa</strong></span> <span class='ocrx_word' id='word_1_176' title='bbox 1103 3100 1120 3142; x_wconf 87' lang='lat' dir='ltr'><strong>a</strong></span> <span class='ocrx_word' id='word_1_177' title='bbox 1137 3076 1301 3143; x_wconf 78' lang='lat' dir='ltr'><strong><em>caedenda</em></strong></span> <span class='ocrx_word' id='word_1_178' title='bbox 1322 3076 1406 3141; x_wconf 89' lang='lat' dir='ltr'><strong>dieta</strong></span> 
     </span>
     <span class='ocr_line' id='line_1_25' title="bbox 349 3175 1406 3264; baseline -0.005 -15"><span class='ocrx_word' id='word_1_179' title='bbox 349 3194 454 3250; x_wconf 69' lang='lat' dir='ltr'><strong>sunt«</strong></span> <span class='ocrx_word' id='word_1_180' title='bbox 507 3177 608 3245; x_wconf 89' lang='lat' dir='ltr'><strong>Paull.</strong></span> <span class='ocrx_word' id='word_1_181' title='bbox 630 3199 662 3264; x_wconf 81' lang='lat' dir='ltr'><strong>p.</strong></span> <span class='ocrx_word' id='word_1_182' title='bbox 690 3182 739 3242; x_wconf 80' lang='lat'><strong>79.</strong></span> <span class='ocrx_word' id='word_1_183' title='bbox 768 3175 817 3241; x_wconf 89' lang='lat' dir='ltr'><strong>ld.</strong></span> <span class='ocrx_word' id='word_1_184' title='bbox 842 3199 875 3263; x_wconf 89' lang='lat' dir='ltr'><strong>p.</strong></span> <span class='ocrx_word' id='word_1_185' title='bbox 902 3183 961 3243; x_wconf 73' lang='lat'><strong>622</strong></span> <span class='ocrx_word' id='word_1_186' title='bbox 1004 3175 1158 3246; x_wconf 75' lang='lat' dir='ltr'><strong><em>»Cudere</em></strong></span> <span class='ocrx_word' id='word_1_187' title='bbox 1189 3203 1207 3246; x_wconf 86' lang='lat' dir='ltr'><strong>a</strong></span> <span class='ocrx_word' id='word_1_188' title='bbox 1240 3179 1406 3245; x_wconf 86' lang='lat' dir='ltr'><strong><em>caedendo</em></strong></span> 
     </span>
     <span class='ocr_line' id='line_1_26' title="bbox 349 3278 1405 3372; baseline -0.004 -20"><span class='ocrx_word' id='word_1_189' title='bbox 349 3286 498 3352; x_wconf 70' lang='lat' dir='ltr'><strong>dictum«</strong></span> <span class='ocrx_word' id='word_1_190' title='bbox 549 3282 631 3345; x_wconf 88' lang='lat' dir='ltr'><strong><em>Jure</em></strong></span> <span class='ocrx_word' id='word_1_191' title='bbox 662 3278 776 3343; x_wconf 88' lang='lat' dir='ltr'><strong>Muell.</strong></span> <span class='ocrx_word' id='word_1_192' title='bbox 808 3291 876 3344; x_wconf 90' lang='lat' dir='ltr'><strong>not.</strong></span> <span class='ocrx_word' id='word_1_193' title='bbox 907 3278 1128 3369; x_wconf 84' lang='lat' dir='ltr'><strong>reprehendet</strong></span> <span class='ocrx_word' id='word_1_194' title='bbox 1163 3283 1405 3372; x_wconf 80' lang='lat' dir='ltr'><strong>etymologiam.</strong></span> 
     </span>
     <span class='ocr_line' id='line_1_27' title="bbox 349 3381 1407 3477; baseline -0.003 -23"><span class='ocrx_word' id='word_1_195' title='bbox 349 3389 437 3459; x_wconf 81' lang='lat' dir='ltr'><strong>Nam</strong></span> <span class='ocrx_word' id='word_1_196' title='bbox 459 3408 562 3477; x_wconf 88' lang='lat' dir='ltr'><strong>quum</strong></span> <span class='ocrx_word' id='word_1_197' title='bbox 582 3389 661 3449; x_wconf 76' lang='lat' dir='ltr'><strong><em>eutis</em></strong></span> <span class='ocrx_word' id='word_1_198' title='bbox 682 3381 827 3470; x_wconf 88' lang='lat' dir='ltr'><strong>primum</strong></span> <span class='ocrx_word' id='word_1_199' title='bbox 847 3383 1037 3450; x_wconf 87' lang='lat' dir='ltr'><strong>animalium</strong></span> <span class='ocrx_word' id='word_1_200' title='bbox 1057 3384 1193 3472; x_wconf 89' lang='lat' dir='ltr'><strong>pellem,</strong></span> <span class='ocrx_word' id='word_1_201' title='bbox 1223 3398 1294 3453; x_wconf 90' lang='lat' dir='ltr'><strong>tum</strong></span> <span class='ocrx_word' id='word_1_202' title='bbox 1315 3386 1407 3474; x_wconf 91' lang='lat' dir='ltr'><strong>plan·</strong></span> 
     </span>
     <span class='ocr_line' id='line_1_28' title="bbox 348 3487 1408 3576; baseline -0.004 -17"><span class='ocrx_word' id='word_1_203' title='bbox 348 3505 457 3563; x_wconf 76' lang='lat' dir='ltr'><strong>tarum</strong></span> <span class='ocrx_word' id='word_1_204' title='bbox 477 3489 679 3576; x_wconf 86' lang='lat' dir='ltr'><strong>aliarumque</strong></span> <span class='ocrx_word' id='word_1_205' title='bbox 699 3509 812 3553; x_wconf 90' lang='lat' dir='ltr'><strong><em>rerum</em></strong></span> <span class='ocrx_word' id='word_1_206' title='bbox 832 3487 1037 3574; x_wconf 86' lang='lat' dir='ltr'><strong>superficiem</strong></span> <span class='ocrx_word' id='word_1_207' title='bbox 1059 3487 1228 3574; x_wconf 84' lang='lat' dir='ltr'><strong>significet,</strong></span> <span class='ocrx_word' id='word_1_208' title='bbox 1254 3505 1355 3554; x_wconf 75' lang='lat' dir='ltr'><strong><em>curere</em></strong></span> <span class='ocrx_word' id='word_1_209' title='bbox 1376 3502 1408 3556; x_wconf 90' lang='lat' dir='ltr'><strong>et</strong></span> 
     </span>
     <span class='ocr_line' id='line_1_29' title="bbox 349 3589 1424 3681; baseline -0.001 -19"><span class='ocrx_word' id='word_1_210' title='bbox 349 3601 456 3663; x_wconf 80' lang='lat' dir='ltr'><strong><em>cedere</em></strong></span> <span class='ocrx_word' id='word_1_211' title='bbox 476 3592 610 3681; x_wconf 92' lang='lat' dir='ltr'><strong><em>proprie</em></strong></span> <span class='ocrx_word' id='word_1_212' title='bbox 632 3601 681 3655; x_wconf 85' lang='lat' dir='ltr'><strong>est</strong></span> <span class='ocrx_word' id='word_1_213' title='bbox 701 3589 913 3657; x_wconf 87' lang='lat' dir='ltr'><strong><em>vehementer</em></strong></span> <span class='ocrx_word' id='word_1_214' title='bbox 929 3613 1064 3656; x_wconf 90' lang='lat' dir='ltr'><strong><em>movere</em></strong></span> <span class='ocrx_word' id='word_1_215' title='bbox 1082 3591 1298 3678; x_wconf 89' lang='lat' dir='ltr'><strong>superficiem,</strong></span> <span class='ocrx_word' id='word_1_216' title='bbox 1319 3591 1424 3661; x_wconf 87' lang='lat' dir='ltr'><strong><em>unde.</em></strong></span> 
     </span>
     <span class='ocr_line' id='line_1_30' title="bbox 349 3693 1406 3785; baseline -0.007 -21"><span class='ocrx_word' id='word_1_217' title='bbox 349 3710 383 3764; x_wconf 92' lang='lat' dir='ltr'><strong>et</strong></span> <span class='ocrx_word' id='word_1_218' title='bbox 402 3696 538 3785; x_wconf 81' lang='lat' dir='ltr'><strong>gallinae</strong></span> <span class='ocrx_word' id='word_1_219' title='bbox 560 3722 615 3760; x_wconf 81' lang='lat' dir='ltr'><strong>noe</strong></span> <span class='ocrx_word' id='word_1_220' title='bbox 636 3697 781 3759; x_wconf 85' lang='lat' dir='ltr'><strong><em>excudere</em></strong></span> <span class='ocrx_word' id='word_1_221' title='bbox 802 3694 928 3774; x_wconf 89' lang='lat' dir='ltr'><strong><em>(Varro</em></strong></span> <span class='ocrx_word' id='word_1_222' title='bbox 945 3695 987 3763; x_wconf 77' lang='lat' dir='ltr'><strong>R.</strong></span> <span class='ocrx_word' id='word_1_223' title='bbox 1005 3695 1044 3758; x_wconf 81' lang='lat' dir='ltr'><strong>R.</strong></span> <span class='ocrx_word' id='word_1_224' title='bbox 1066 3696 1124 3772; x_wconf 93' lang='grc' dir='ltr'>ΙΙΙ,</span> <span class='ocrx_word' id='word_1_225' title='bbox 1145 3697 1191 3777; x_wconf 88' lang='grc'><strong>9),</strong></span> <span class='ocrx_word' id='word_1_226' title='bbox 1211 3705 1244 3758; x_wconf 88' lang='lat' dir='ltr'><strong><em>et</em></strong></span> <span class='ocrx_word' id='word_1_227' title='bbox 1263 3693 1406 3758; x_wconf 87' lang='lat' dir='ltr'><strong>feminae</strong></span> 
     </span>
     <span class='ocr_line' id='line_1_31' title="bbox 342 3795 1407 3889; baseline -0.008 -20"><span class='ocrx_word' id='word_1_228' title='bbox 342 3806 451 3889; x_wconf 77' lang='lat' dir='ltr'><strong>foetus</strong></span> <span class='ocrx_word' id='word_1_229' title='bbox 472 3814 611 3869; x_wconf 78' lang='lat' dir='ltr'><strong><em>excutere</em></strong></span> <span class='ocrx_word' id='word_1_230' title='bbox 632 3796 782 3865; x_wconf 87' lang='lat' dir='ltr'><strong>dicuntur</strong></span> <span class='ocrx_word' id='word_1_231' title='bbox 808 3795 865 3875; x_wconf 85' lang='lat' dir='ltr'><strong>(cf.</strong></span> <span class='ocrx_word' id='word_1_232' title='bbox 888 3796 1007 3883; x_wconf 67' lang='lat' dir='ltr'><strong>lexim).</strong></span> <span class='ocrx_word' id='word_1_233' title='bbox 1041 3797 1154 3882; x_wconf 83' lang='lat' dir='ltr'><strong><em>Quare</em></strong></span> <span class='ocrx_word' id='word_1_234' title='bbox 1175 3821 1239 3862; x_wconf 86' lang='lat' dir='ltr'><strong>vox</strong></span> <span class='ocrx_word' id='word_1_235' title='bbox 1260 3804 1407 3862; x_wconf 85' lang='lat' dir='ltr'><strong><em>excudere</em></strong></span> 
     </span>
     <span class='ocr_line' id='line_1_32' title="bbox 350 3897 1407 3990; baseline -0.003 -21"><span class='ocrx_word' id='word_1_236' title='bbox 350 3905 395 3979; x_wconf 81' lang='lat' dir='ltr'><strong>ad</strong></span> <span class='ocrx_word' id='word_1_237' title='bbox 413 3903 578 3973; x_wconf 84' lang='lat' dir='ltr'><strong>victimam</strong></span> <span class='ocrx_word' id='word_1_238' title='bbox 597 3900 762 3990; x_wconf 85' lang='lat' dir='ltr'><strong>pertinens</strong></span> <span class='ocrx_word' id='word_1_239' title='bbox 783 3897 962 3986; x_wconf 85' lang='lat' dir='ltr'><strong>significare</strong></span> <span class='ocrx_word' id='word_1_240' title='bbox 983 3899 1111 3966; x_wconf 87' lang='lat' dir='ltr'><strong><em>videtur</em></strong></span> <span class='ocrx_word' id='word_1_241' title='bbox 1131 3917 1228 3966; x_wconf 85' lang='lat' dir='ltr'><strong>cutem</strong></span> <span class='ocrx_word' id='word_1_242' title='bbox 1248 3905 1407 3966; x_wconf 76' lang='lat' dir='ltr'><strong><em>detrahere</em></strong></span> 
     </span>
     <span class='ocr_line' id='line_1_33' title="bbox 350 4001 1408 4083; baseline -0.006 -9"><span class='ocrx_word' id='word_1_243' title='bbox 350 4009 402 4075; x_wconf 81' lang='lat' dir='ltr'><strong>vel</strong></span> <span class='ocrx_word' id='word_1_244' title='bbox 423 4024 491 4077; x_wconf 81' lang='lat' dir='ltr'><strong><em>ente</em></strong></span> <span class='ocrx_word' id='word_1_245' title='bbox 512 4030 635 4083; x_wconf 84' lang='lat' dir='ltr'><strong><em>exuere,</em></strong></span> <span class='ocrx_word' id='word_1_246' title='bbox 655 4003 743 4070; x_wconf 89' lang='lat' dir='ltr'><strong><em>unde</em></strong></span> <span class='ocrx_word' id='word_1_247' title='bbox 765 4001 887 4067; x_wconf 81' lang='lat' dir='ltr'><strong>factum</strong></span> <span class='ocrx_word' id='word_1_248' title='bbox 908 4002 1002 4068; x_wconf 82' lang='lat' dir='ltr'><strong>facile</strong></span> <span class='ocrx_word' id='word_1_249' title='bbox 1024 4003 1233 4083; x_wconf 87' lang='lat' dir='ltr'><strong><em>crediderim,</em></strong></span> <span class='ocrx_word' id='word_1_250' title='bbox 1255 4016 1290 4068; x_wconf 87' lang='lat' dir='ltr'><strong>ut</strong></span> <span class='ocrx_word' id='word_1_251' title='bbox 1311 4005 1408 4069; x_wconf 87' lang='lat' dir='ltr'><strong>inter-</strong></span> 
     </span>
     <span class='ocr_line' id='line_1_34' title="bbox 349 4104 1405 4201; baseline -0.009 -21"><span class='ocrx_word' id='word_1_252' title='bbox 349 4135 425 4201; x_wconf 86' lang='lat' dir='ltr'><strong><em>pres</em></strong></span> <span class='ocrx_word' id='word_1_253' title='bbox 451 4112 593 4183; x_wconf 84' lang='lat' dir='ltr'><strong>incertus</strong></span> <span class='ocrx_word' id='word_1_254' title='bbox 621 4107 661 4174; x_wconf 87' lang='lat' dir='ltr'><strong>de</strong></span> <span class='ocrx_word' id='word_1_255' title='bbox 690 4109 842 4175; x_wconf 81' lang='lat' dir='ltr'><strong><em>caedendo</em></strong></span> <span class='ocrx_word' id='word_1_256' title='bbox 867 4104 973 4170; x_wconf 87' lang='lat' dir='ltr'><strong>hostia</strong></span> <span class='ocrx_word' id='word_1_257' title='bbox 1001 4106 1062 4172; x_wconf 89' lang='lat' dir='ltr'><strong>dici</strong></span> <span class='ocrx_word' id='word_1_258' title='bbox 1090 4118 1233 4194; x_wconf 88' lang='lat' dir='ltr'><strong><em>putaret,</em></strong></span> <span class='ocrx_word' id='word_1_259' title='bbox 1265 4107 1405 4195; x_wconf 90' lang='lat' dir='ltr'><strong><em>ideoque</em></strong></span> 
     </span>
     <span class='ocr_line' id='line_1_35' title="bbox 350 4208 1408 4301; baseline -0.007 -20"><span class='ocrx_word' id='word_1_260' title='bbox 350 4213 468 4283; x_wconf 83' lang='lat' dir='ltr'><strong>falsam</strong></span> <span class='ocrx_word' id='word_1_261' title='bbox 488 4214 578 4281; x_wconf 87' lang='lat' dir='ltr'><strong>illam</strong></span> <span class='ocrx_word' id='word_1_262' title='bbox 599 4209 834 4301; x_wconf 78' lang='lat' dir='ltr'><strong>etymologiam</strong></span> <span class='ocrx_word' id='word_1_263' title='bbox 854 4208 1027 4297; x_wconf 87' lang='lat' dir='ltr'><strong><em>proferret.</em></strong></span> <span class='ocrx_word' id='word_1_264' title='bbox 1060 4209 1114 4277; x_wconf 88' lang='lat' dir='ltr'><strong>Sic</strong></span> <span class='ocrx_word' id='word_1_265' title='bbox 1136 4210 1259 4299; x_wconf 91' lang='lat' dir='ltr'><strong>optime</strong></span> <span class='ocrx_word' id='word_1_266' title='bbox 1271 4209 1408 4298; x_wconf 88' lang='lat' dir='ltr'><strong>quadrat</strong></span> 
     </span>
    </p>
   </div>
   <div class='ocr_carea' id='block_1_5' title="bbox 0 0 1709 5042">
    <p class='ocr_par' dir='ltr' id='par_1_8' title="bbox 0 0 1709 5042">
     <span class='ocr_line' id='line_1_36' title="bbox 0 0 1709 5042; baseline 0 0"><span class='ocrx_word' id='word_1_267' title='bbox 0 0 1709 5042; x_wconf 95' lang='lat' dir='ltr'><strong> </strong></span> 
     </span>
    </p>
   </div>
  </div>
 </body>
</html>
