3400 5042
866 473 917 576 se

352 695 355 704 ·
441 651 572 722 Abhinc
597 651 716 718 exactis
738 651 995 742 Quinquatrium
1024 650 1141 718 diebus
1167 675 1195 718 ι.
1218 652 1250 720 d.
1272 655 1323 722 lll
1344 651 1416 722 Cal.

356 754 486 846 Apriles
506 754 593 835 Jani,
616 749 841 837 Concordiae,
868 754 1003 834 Salutis,
1032 753 1123 821 Pacis
1143 754 1246 820 festus
1268 754 1337 823 dies
1358 767 1415 822 eat.

355 862 460 925 Janus
481 857 578 946 igitur
599 854 685 922 Solis
706 867 798 923 ortuo
826 867 860 923 et
877 879 1030 936 occasus,
1056 857 1171 924 mundi
1199 856 1357 948 principia
1379 882 1418 923 ac

358 961 458 1039 fines,
490 958 642 1025 omnium
675 957 817 1046 denique
849 982 961 1025 rerum
994 959 1146 1026 introitus
1172 971 1271 1050 atque
1314 960 1417 1026 exitus

356 1075 472 1131 tenens
492 1060 633 1150 ideoque
655 1059 818 1127 Patulcius
841 1061 909 1127 sive
931 1061 1078 1128 lnitiator
1098 1073 1131 1127 et
1152 1060 1284 1129 Clusius
1304 1063 1417 1152 appel-

356 1166 454 1245 latus,
486 1163 575 1230 idem
602 1163 676 1252 quia
704 1162 869 1230 mensium
897 1164 1039 1253 annique
1070 1164 1152 1230 lines
1173 1164 1353 1244 constituit,
1383 1175 1417 1230 'et

356 1267 531 1336 duodecim
553 1286 625 1332 aras
646 1262 747 1330 habet
767 1277 987 1344 consecratas,
1018 1277 1051 1332 et
1070 1265 1208 1333 Junonii
1230 1289 1415 1353 cognomen

355 1369 480 1458 accepit
503 1372 553 1447 ⁸²).
616 1366 714 1432 Unde
746 1379 898 1457 apparet,
930 1390 1030 1457 quam
1063 1367 1105 1435 sit
1141 1367 1249 1436 affinis
1280 1369 1416 1449 Junoni,

357 1473 469 1550 Marti,
501 1474 617 1536 Annae
639 1470 824 1550 Perennae,
857 1471 972 1537 ceteris
994 1470 1035 1535 de
1057 1471 1175 1559 quibus
1197 1472 1322 1560 egimus
1343 1471 1415 1537 diis.

357 1577 403 1642 Ut
423 1596 503 1640 vero
525 1572 559 1637 in
580 1571 735 1637 omnibus
755 1573 918 1640 sacrificiis
938 1583 1096 1662 perpetua
1117 1572 1416 1662 praefationecole-

355 1680 452 1744 batur
467 1674 590 1758 ⁸³),aic
611 1673 797 1750 vernalibus
823 1677 857 1741 in
879 1677 977 1742 sacris
999 1675 1165 1743 Saliorum
1186 1688 1277 1742 tanto
1299 1677 1415 1765 ampli-

356 1781 468 1846 ficatus
494 1790 544 1843 est
568 1777 714 1858 honore,
746 1789 783 1843 ut
803 1779 997 1844 Laurentius
1020 1779 1131 1869 Lydus
1162 1778 1239 1845 huic
1270 1780 1418 1848 maxime*

355 1884 419 1948 deo
441 1881 625 1948 sacerdotes
646 1883 719 1949 illos
740 1882 903 1972 putaverit
928 1893 1137 1947 consecratos
1164 1904 1234 1948 esse
1249 1887 1299 1960 ⁸⁴).
1352 1884 1416 1949 lta·

355 2011 419 2076 que
451 1985 633 2051 secundum
661 1986 761 2050 verba
795 1982 969 2070 fragmenti
1002 1982 1138 2065 alicujus
1158 1983 1290 2053 Saliaris
1324 1986 1415 2053 ano

353 2091 505 2155 Deorum
516 2089 590 2153 Deo
611 2087 804 2176 supplicatio
827 2098 925 2174 atque
946 2085 1082 2174 epulum
1103 2085 1295 2168 instituitur,
1314 2099 1414 2178 atque

354 2191 520 2258 ominibus
539 2212 601 2277 per
611 2187 773 2256 Curiones
793 2188 992 2268 ministratis,
1012 2187 1182 2255 invocatur
1197 2189 1306 2257 Mnus
1326 2213 1415 2259 crea-

353 2307 415 2374 tor,
436 2305 472 2359 ut
498 2291 540 2358 ad
568 2315 707 2358 coenam
727 2290 1027 2380 lectisterniumque
1048 2291 1084 2357 in
1110 2291 1248 2359 effatum
1273 2316 1409 2382 pomoe-

350 2398 437 2464 rium
457 2395 564 2461 intret.

435 2496 566 2564 Eodem
577 2495 630 2564 die
640 2496 802 2576 Salutem,
824 2492 1066 2575 Concordiam,
1088 2496 1208 2563 Pacem
1229 2520 1299 2564 non
1314 2498 1412 2588 plane

353 2601 492 2668 omissas
519 2623 590 2666 esse
612 2623 630 2666 a
652 2599 756 2678 Saliis,
786 2597 863 2665 inde
892 2597 1076 2681 conjicitur,
1107 2599 1197 2688 quod
1230 2599 1412 2668 ethorum

352 2703 528 2770 numinum
559 2724 648 2768 sacra
679 2712 716 2766 ut
746 2701 851 2768 fausta
885 2700 996 2767 omina
1028 2724 1105 2768 curn
1125 2701 1202 2768 Jani
1233 2703 1412 2773 Initiatoris

352 2803 558 2873 caerimoniis
586 2805 761 2886 conjuncta
790 2815 886 2870 erant
909 2806 962 2886 ⁰⁵),
994 2814 1027 2869 et
1053 2815 1128 2870 vota
1151 2827 1221 2871 esse
1243 2805 1327 2872 lacta
1348 2831 1411 2896 pro

352 2910 453 2976 salute
475 2906 589 2995 populi
612 2907 764 2998 Romani,
785 2929 862 2971 cum
883 2904 929 2971 rei
950 2918 1066 2973 natura
1086 2906 1207 2995 poscit,
1228 2918 1301 2973 tum
1321 2933 1412 2976 com-

350 3012 454 3100 pluria
474 3010 575 3076 verba
597 3032 615 3074 e
636 3008 836 3075 carminibus
853 3019 978 3074 servata
989 3009 1162 3098 perspicue
1173 3010 1410 3081 demonstrant.

351 3117 483 3180 Praeter
508 3112 590 3179 haec
616 3111 752 3178 numina
779 3111 878 3182 etiam
900 3110 1079 3177 Saturnum
1101 3111 1216 3178 Festus
1246 3114 1345 3180 tradit
1375 3116 1409 3182 in
1495 3121 1497 3124 ’

350 3215 524 3284 Saliaribus
556 3213 755 3280 carminibus
780 3211 944 3278 nominari
977 3214 1168 3292 Saturnum,
1209 3215 1361 3284 videlicet
1390 3242 1410 3285 a

349 3318 538 3397 sationibus,
559 3329 596 3382 ut
616 3316 732 3404 siquid
749 3315 944 3382 video-falce
966 3315 1019 3380 illa
1041 3339 1113 3394 sua,
1134 3340 1218 3405 quae
1239 3320 1408 3409 quondam

349 3423 382 3488 in
405 3420 547 3487 Siciliam
570 3419 708 3485 insulam
736 3419 778 3485 de
800 3418 894 3485 coelo
916 3418 1005 3507 lapsa
1027 3417 1113 3485 banc
1133 3431 1256 3487 terram
1276 3422 1408 3513 frugum

348 3612 542 3624 ..ο-..ουκ

379 3767 418 3839 υ)
455 3767 497 3824 ef.
515 3769 648 3841 Hartung.
666 3769 752 3842 Relig.
770 3771 847 3825 Rom.
866 3771 907 3834 ΙΙ,
923 3767 977 3825 ἏΙθ
991 3790 1031 3845 sq.

381 3875 419 3947 ⁸⁸)
455 3878 578 3934 Macrob.
597 3879 653 3934 Sat.
674 3877 756 3945 1,9:
775 3877 950 3953 invocatique
973 3879 1100 3953 primunr,
1117 3901 1175 3938 cum
1198 3879 1276 3939 alicui
1294 3881 1347 3941 deo
1364 3897 1408 3941 res

449 3964 541 4021 diviua
557 3966 715 4023 celebratur.
734 3996 766 4010 -
784 3967 866 4023 ibit:
884 3967 1016 4026 Saliorum
1034 3990 1142 4046 qnoque
1160 3969 1319 4030 carminibus·
1333 3973 1409 4039 Deo·

448 4074 506 4109 rum
523 4055 598 4111 Deua
616 4054 729 4112 canitur.

381 4161 418 4232 ⁸⁴)
453 4163 531 4218 nan.
548 4163 617 4237 cys.
639 4163 658 4219 ι
676 4143 698 4220 0‘.
716 4175 774 4220 nst.
791 4163 836 4219 m

377 4268 416 4342 ⁸⁵)
453 4269 496 4328 cc
513 4271 647 4346 uacuus.
665 4271 848 4346 namon.
866 4273 907 4342 n.
922 4273 984 4331 rra
