3400 5042
322 663 419 731 orbes
448 662 570 729 circum
600 662 711 728 altaria
733 664 945 752 implicabant
969 676 1002 730 et
1022 665 1231 747 evolvebant,
1262 668 1381 741 eodem

320 764 477 854 rhythmo
489 765 603 833 ancilia
615 766 780 852 pulsantes
795 773 843 846 ⁹¹),
864 767 933 833 fieri
945 768 1079 855 quidem
1089 781 1234 856 poterat,
1256 782 1292 834 ut
1302 771 1382 836 ictua

321 892 473 939 versuum
486 892 562 937 curn
574 868 766 933 fortioribus
778 869 974 956 quibusdam
986 871 1140 936 tibiarum
1151 873 1246 950 sonis,
1257 873 1381 957 pedum

243 1034 246 1039 .
321 971 468 1051 saltibus,
500 971 682 1059 pugionum
715 972 819 1057 plagis
841 984 1061 1038 consonarent
1087 974 1128 1039 ab
1151 974 1257 1062 aliqua
1278 988 1381 1062 parte,

321 1085 355 1137 at
374 1073 415 1138 de
438 1073 610 1139 artificioso
633 1087 794 1139 concentu
817 1075 1154 1162 cycliciDoriensium
1175 1076 1267 1141 chori
1289 1077 1381 1142 nullo

320 1176 422 1249 modo
445 1189 493 1243 est
513 1177 733 1263 cogitandum.
798 1176 948 1245 Omnino
976 1201 1069 1259 vero,
1099 1179 1382 1264 quemadmodum

319 1291 432 1343 cantus
454 1290 486 1347 et
506 1279 604 1345 tibiae
626 1303 702 1344 cum
724 1267 948 1346 saltationibus
970 1282 1161 1361 conjunctae
1182 1282 1305 1347 luerint
1325 1293 1381 1346 aut

321 1381 462 1445 invicem
485 1404 518 1447 se
531 1382 730 1469 exceperint,
752 1405 855 1470 quum
877 1405 945 1447 non
967 1382 1103 1447 certiora
1125 1382 1269 1447 indicent
1289 1384 1382 1449 vesti-

319 1483 384 1568 gia,
406 1483 438 1547 id
461 1494 587 1550 tantum
610 1483 819 1548 statuendum
831 1483 972 1563 videtur,
993 1483 1026 1547 in
1038 1482 1203 1550 Saliorum
1216 1485 1382 1557 cantilenis

321 1585 410 1649 utin
432 1585 601 1651 Urnbricis
624 1596 656 1649 et
677 1586 848 1651 Arvalibus
870 1597 920 1650 ter
941 1585 1094 1672 repetitas
1116 1609 1186 1651 esse
1202 1600 1380 1674 praeeunte

319 1700 548 1773 praecentore,
581 1687 766 1752 succinente
797 1689 943 1774 primum
976 1711 1091 1752 senum
1124 1700 1195 1753 turn
1225 1692 1380 1771 juvenum

319 1789 422 1853 choro
450 1789 613 1857 solemnes
641 1790 780 1855 deorum
813 1789 1037 1859 invocationes
1062 1791 1115 1874 ⁹²).
1181 1793 1270 1856 Haec
1301 1815 1381 1856 vero

320 1891 500 1957 exsultandi
523 1892 727 1979 canendique
749 1891 830 1958 ratio
854 1892 930 1978 ipsis
951 1892 1095 1980 reliquiis
1117 1893 1312 1981 quibusdam
1324 1895 1382 1959 Sa-

319 1993 451 2059 liaribus
478 1993 566 2058 haud
601 1996 738 2067 obscure
768 1995 906 2068 ,indicari
933 1994 1076 2073 videtur,
1119 2018 1199 2082 quas
1231 1997 1312 2060 inira
1345 1997 1378 2060 in

319 2096 553 2184 disceptionem
575 2097 775 2163 vocabimus.

402 2199 499 2264 Nunc
521 2223 599 2267 vero
623 2199 701 2286 quid
724 2211 780 2281 est,
795 2199 885 2287 quod
908 2199 1073 2270 solemnes
1084 2198 1157 2264 illae
1174 2199 1381 2267 sacerdotum

319 2302 600 2389 comprecationes
633 2318 798 2367 acrimonia
824 2301 1053 2389 appellantur?
1100 2302 1260 2367 Dubitant
1291 2304 1379 2382 enim

319 2416 352 2467 et
372 2405 494 2491 antiqui
517 2416 550 2469 et
571 2405 767 2469 recentiores
789 2404 974 2490 scriptores,
996 2414 1106 2468 utrum
1118 2405 1159 2468 ab
1182 2411 1303 2470 arandi
1320 2405 1339 2468 i.
1352 2429 1379 2468 e.

319 2507 511 2571 nominandi
535 2505 646 2584 verbo,
669 2507 763 2571 anab
786 2511 896 2571 auibus
919 2505 952 2569 in
976 2504 1091 2592 quibus
1113 2509 1289 2594 perscripta
1311 2508 1384 2586 sue,

318 2611 385 2672 rint
406 2608 459 2673 illa
481 2609 625 2685 carmina
647 2631 770 2673 nomen
792 2608 948 2674 traxerint
963 2610 1016 2686 ⁹³).
1082 2606 1157 2691 Qua
1180 2608 1221 2672 de
1243 2632 1278 2673 re
1302 2609 1381 2696 quid

319 2712 359 2775 sit
379 2712 610 2790 statuendum,
622 2710 757 2798 planum
780 2709 816 2774 fit
838 2709 1035 2796 comparatis
1057 2708 1173 2797 glossis
1195 2711 1286 2776 Pauli
1304 2712 1382 2775 Dia-

319 2814 393 2877 coni
423 2813 636 2901 quibusdam,
670 2836 749 2900 quas
778 2837 818 2878 ex
844 2814 922 2900 ipsis
944 2811 1110 2876 Saliorum
1137 2813 1302 2877 cantilenis
1328 2814 1383 2876 de-

320 2928 492 3003 promptas
514 2939 583 2982 esse
605 2916 730 3002 egregie
743 2916 884 2998 conjecit
895 2914 957 2979 Th.
970 2913 1129 3002 Bergkius
1145 2920 1193 2996 ⁹⁴),
1216 2938 1278 3001 ego
1289 2916 1383 2980 certis

364 3116 401 3186 ⁹¹)
421 3119 502 3174 Hunc
520 3119 549 3173 in
567 3119 674 3175 modum
693 3119 827 3175 Saliorum
845 3118 1000 3175 saltationes
1019 3119 1168 3193 descriptae
1185 3139 1228 3192 ap·
1246 3119 1318 3174 Plut.
1336 3120 1382 3175 rit.

420 3206 498 3260 Num.
521 3228 543 3262 c,
568 3209 608 3261 13.
633 3221 661 3263 et
678 3207 796 3277 Dionys.
819 3207 883 3261 Ant.
905 3209 983 3262 Rom.
1006 3209 1041 3275 11,
1063 3209 1104 3262 m.
1132 3207 1290 3282 Complures
1307 3207 1382 3264 locos

421 3295 529 3366 collegit
547 3296 671 3350 Gutberl.
689 3318 715 3369 p.
733 3296 792 3349 107.
810 3315 849 3367 sq.

363 3380 402 3451 ⁸²)
419 3383 463 3438 De
480 3383 522 3438 bis
542 3385 646 3440 duobus
665 3385 754 3440 choris
771 3383 854 3439 tradit
863 3383 990 3455 Virgilius
1008 3385 1075 3439 Aen.
1086 3385 1161 3449 Vlll,
1178 3384 1246 3438 285:

456 3474 511 3527 llic
528 3473 654 3543 juvenum
672 3474 778 3537 chorus,
797 3472 844 3527 ille
864 3492 964 3538 aenum,
980 3471 1025 3545 qui
1043 3473 1160 3528 carmine
1177 3470 1269 3530 laudes

456 3561 604 3616 Herculeas
623 3574 651 3616 et
668 3563 738 3616 facta
755 3563 860 3616 serunt.
871 3601 893 3614 ..

422 3647 466 3703 ubi
491 3649 525 3704 de
552 3649 701 3705 Tiburtinis
726 3649 792 3704 salii
817 3662 897 3722 poeta
919 3648 994 3721 loqui
1021 3647 1127 3704 videtur
1145 3687 1151 3702 .
1171 3647 1294 3704 Ceterum
1316 3668 1384 3719 quae

346 3794 349 3799 ,
423 3749 570 3810 sequuntur
587 3737 687 3794 ibidem
704 3757 776 3792 mera
794 3736 954 3810 imaginandi
972 3737 999 3794 ri
1017 3749 1114 3810 poetae
1132 3734 1249 3793 conficta
1266 3748 1327 3790 suut
1344 3756 1386 3792 ae-

421 3824 535 3879 cundum
554 3826 672 3882 Graecas
690 3825 801 3881 fabulas.

366 3908 404 3980 ⁹³)
422 3913 495 3968 Fert.
514 3934 539 3985 r.
558 3927 699 3971 examentis
716 3935 743 3987 p.
762 3914 781 3967 3
797 3933 856 3968 curn
874 3925 932 3968 not.
950 3913 985 3967 Κ.
1006 3911 1044 3966 O.
1066 3910 1178 3978 Muell.;
1203 3910 1260 3966 ibid
1278 3931 1302 3965 r.
1321 3910 1384 3966 axis.

423 4001 612 4057 Recentiorurn
631 4003 776 4058 sententies
795 4000 858 4058 ride
875 4022 916 4075 ap.
936 3999 1018 4055 Gutb.
1036 4020 1062 4072 p.
1081 3999 1141 4055 114.
1158 4019 1198 4072 sq.

367 4085 475 4158 9*)Τ1ι.
499 4090 586 4161 Bergk
609 4092 723 4148 Recens.
753 4091 825 4145 Fest.
850 4089 892 4145 ed.
916 4089 951 4142 Ο.
975 4086 1071 4144 Muell.
1115 4086 1189 4141 Heli.
1213 4085 1385 4142 Litteratura.

423 4177 493 4244 1842
510 4176 563 4233 No.
583 4178 642 4248 104,
667 4192 694 4250 p.
711 4177 771 4232 224.
807 4175 909 4233 Falsum
932 4173 1121 4245 etymologiam
1138 4194 1188 4246 ego
1207 4186 1311 4231 secutus
1330 4192 1387 4227 mro

391 4256 394 4261 ’
424 4264 452 4318 in
469 4264 540 4319 Diis.
558 4263 675 4337 inungue.
692 4282 719 4337 p.
736 4263 779 4320 37.
