3400 5042
806 552 881 629 1811

317 725 526 793 sacerdotum
549 723 637 804 libri,
668 724 826 814 equibus
847 725 967 792 Fabius
994 727 1117 804 Pictor,
1150 725 1282 791 Cincius
1311 725 1380 790 Ati-

318 839 464 904 mentus,
491 825 579 903 Piso,
612 826 662 889 alii
685 826 863 891 Annalium
885 828 1057 914 scriptores
1079 832 1158 893 ritus
1181 839 1213 892 et
1235 828 1378 892 instituta

318 930 447 1016 antiqua
472 949 652 1015 eorumque
681 951 806 1006 causas,
837 941 962 994 veteres
991 930 1148 994 formulas
1177 940 1209 992 et
1235 929 1379 992 carmina

319 1028 475 1095 solemnia
499 1039 534 1092 ut
555 1027 697 1115 genuino
720 1053 737 1094 e
759 1028 849 1094 fonte
872 1028 1100 1110 hauserunt'),
1132 1030 1217 1118 iique
1241 1030 1337 1094 etiam
1362 1053 1379 1092 a

320 1129 482 1196 Cicerone
505 1138 536 1193 et
558 1129 695 1195 Horatio
723 1128 807 1194 inter
834 1131 1048 1196 vetustissima
1070 1130 1236 1197 literarum
1260 1153 1380 1195 mouu-

319 1241 428 1297 meuta
457 1228 668 1310 habentur0).
724 1230 893 1296 Accedunt
925 1231 997 1299 libri
1032 1232 1159 1309 letales,
1202 1231 1381 1317 augurales,

318 1331 447 1397 Etrusci
470 1330 645 1417 fulgurales
667 1342 698 1394 et
720 1331 918 1410 tonitruales,
940 1344 1049 1397 vatum
1067 1357 1190 1398 annosa
1210 1331 1378 1397 volumina

318 1433 553 1522 prodigiorum,
563 1433 842 1519 procurationum,
854 1457 1099 1520 responsorum,
1114 1435 1379 1498 vaticinationum

319 1537 430 1623 plena,
467 1533 596 1598 rituales
628 1534 769 1621 denique
803 1535 877 1598 libri
911 1537 943 1598 in
972 1537 1088 1623 quibus
1116 1536 1233 1599 Verrio
1261 1537 1379 1599 Flacco

319 1649 450 1702 auctore
477 1634 712 1722 praescriptum
741 1648 825 1713 erat,
863 1660 929 1724 quo
963 1640 1024 1701 ritu
1057 1639 1240 1702 condantur
1272 1639 1381 1713 urbes,

319 1764 412 1816 arae,
444 1738 539 1802 aedes
566 1749 744 1814 sacrentur,
782 1761 844 1825 qua
872 1740 1037 1803 sanctitate
1066 1741 1165 1817 muri,
1215 1763 1280 1826 quo
1308 1742 1378 1818 jure

319 1853 446 1928 portae,
468 1837 638 1927 quomodo
660 1838 778 1918 tribus,
809 1841 931 1918 curiae,
953 1842 1116 1905 centuriae
1138 1842 1379 1914 distribuantur,

260 1993 262 1998 ·
320 1943 476 2008 exercitus
503 1940 752 2018 constituantur,
783 1941 989 2018 ordinentur,
1021 1954 1191 2032 ceteraque
1218 1941 1377 2023 ejusmodi

320 2045 361 2109 ad
383 2043 506 2108 bellum
529 2066 566 2105 ac
587 2065 702 2129 pacem
725 2043 917 2129 pertinentia
931 2048 969 2123 ⁹).

405 2147 476 2210 ttoc
503 2144 599 2229 igitur
626 2155 731 2208 totum
760 2167 862 2231 genus
889 2145 921 2208 in
951 2145 1121 2211 condenda
1148 2145 1282 2210 historia
1311 2146 1380 2207 Ro·

320 2270 416 2312 mana
444 2246 495 2310 vel
523 2246 643 2310 summi
675 2246 771 2310 luisse
805 2247 964 2310 momenti
993 2247 1025 2311 in
1052 2235 1249 2335 apricoest.
1292 2246 1379 2311 Nam

320 2349 465 2437 primum
492 2347 526 2412 in
551 2346 603 2412 his
630 2347 721 2412 libris
749 2347 905 2436 quoniam
934 2350 1213 2436 comprecationes
1239 2349 1379 2411 deorum

211 2519 214 2524 ,
321 2453 566 2527 Romanorum,
603 2449 819 2514 caerimoniae
852 2449 1050 2514 solemnium
1082 2462 1114 2513 et
1140 2448 1382 2526 sacrificiorum,

319 2553 388 2631 jura
417 2573 505 2615 sacra
534 2550 629 2616 simili
657 2551 782 2616 ratione
810 2562 907 2638 atque
937 2552 969 2616 in
996 2552 1113 2615 tabulis
1140 2550 1320 2636 Eugubiuis
1348 2563 1382 2613 et

321 2652 486 2719 Arvalium
508 2652 648 2718 fratrum
674 2653 898 2717 monumentis
925 2654 1100 2741 perscripta
1129 2664 1248 2729 essent,
1281 2652 1379 2715 etiarn

320 2753 388 2820 lieri
411 2777 479 2819 non
500 2753 615 2841 potuit,
638 2754 716 2842 quin
739 2777 784 2832 ea,
806 2778 889 2842 quae
908 2756 1004 2820 sacris
1020 2753 1186 2819 cantilenis
1203 2754 1379 2841 significata

422 3063 447 3114 p.
465 3040 507 3094 24.
519 3061 556 3114 sp.
584 3041 694 3096 Etiamsi
711 3041 761 3096 hos
780 3055 900 3098 auctores
920 3042 1000 3096 fuisse
1019 3061 1184 3115 nequaquam
1208 3041 1384 3104 credendum,

422 3141 509 3182 tamen
527 3129 578 3197 jam
597 3149 611 3182 a
629 3149 717 3200 regum
737 3143 856 3204 tempore
880 3129 1011 3186 exstitisse
1035 3152 1118 3202 genus
1140 3151 1273 3186 sacrorum
1299 3129 1384 3184 libro-

422 3237 489 3280 rum,
506 3216 599 3286 negari
617 3237 674 3272 non
691 3230 785 3291 potest.

372 3323 396 3392 ⁷)
417 3324 478 3378 Hoc
501 3338 623 3380 accurate
647 3326 842 3382 demonstrarit
864 3326 1024 3380 Lachmann.
1050 3325 1084 3378 de
1105 3324 1237 3379 Fontibus
1260 3325 1292 3376 Τ.
1311 3325 1386 3380 1.ἰνίἰ

423 3433 449 3484 p.
468 3414 492 3476 7,
510 3413 552 3477 27,
570 3413 612 3476 29,
631 3415 689 3478 116,
708 3416 766 3478 117,
785 3415 826 3469 79.
862 3413 949 3468 Etiam
972 3411 1103 3466 Niebuhr.
1127 3413 1163 3465 H.
1182 3415 1214 3466 R.
1240 3415 1259 3466 1.
1278 3435 1303 3485 p.
1321 3413 1386 3470 618.

425 3503 446 3566 1,
463 3500 522 3554 259.
546 3503 568 3564 1,
585 3502 644 3557 362.
664 3504 684 3571 l,
707 3504 766 3558 528.
785 3504 818 3564 ll,
842 3502 918 3556 2—3.
937 3502 973 3569 ll,
992 3502 1045 3554 311)
1067 3500 1131 3554 inde
1154 3502 1220 3555 sacri
1243 3501 1307 3568 iuris
1327 3504 1386 3557 lor--

421 3589 511 3653 mulas,
529 3591 659 3662 prodigia,
676 3590 888 3664 pestilentiarum
900 3602 1039 3660 terraeque
1049 3601 1165 3642 motuum
1177 3589 1385 3662 descriptionem

423 3680 452 3732 in
470 3677 538 3732 Livii
556 3679 732 3734 narrationem
756 3679 862 3733 fluxisse
887 3691 986 3732 censet.
1030 3676 1155 3730 Ceterum
1177 3679 1249 3732 varie
1273 3679 1300 3731 hi
1319 3678 1386 3735 libri

423 3764 607 3838 appellantur:
625 3767 687 3821 libri
706 3768 750 3840 qui
769 3768 802 3821 de
820 3765 1003 3820 sacerdotibus
1021 3765 1133 3836 publicis
1151 3765 1291 3838 compositi
1310 3783 1387 3834 sunt,

424 3853 485 3909 tih'ri
503 3854 537 3908 ad
555 3877 628 3910 sacra
645 3857 740 3929 populi
759 3853 934 3927 pertinentes.
953 3851 1015 3906 libri
1033 3853 1198 3908 sacerdotum
1211 3857 1240 3908 Ρ.
1252 3857 1293 3916 11.,
1312 3875 1387 3910 cora-

424 3943 544 3998 mentarii
563 3943 739 4006 Pontificum,
765 3938 926 3996 Pontificum
945 3939 1020 4005 libri,
1046 3944 1229 3996 commentarii
1248 3963 1387 4000 sacrorum

423 4030 623 4104 pontificalium.
675 4032 715 4085 Cf.
739 4032 810 4084 Fest.
833 4029 874 4082 ed.
899 4031 934 4082 K.
957 4029 993 4083 Ο.
1017 4030 1112 4086 tttuett.
1139 4032 1223 4085 ludex
1250 4033 1281 4083 ll.
1308 4031 1387 4088 Gett.

424 4121 459 4172 N.
478 4121 508 4172 A.
528 4119 586 4172 tnd.
606 4119 680 4181 libr..
699 4120 772 4173 Serv.
792 4120 859 4172 Aen.
881 4119 928 4185 lX,
945 4119 1004 4172 «108.
1023 4118 1083 4172 vat.
1103 4121 1175 4172 tttax.
1197 4120 1217 4187 l,
1238 4120 1260 4171 l.
1279 4121 1304 4171 3.

374 4226 401 4298 ⁸)
421 4228 477 4282 Cic.
497 4229 531 4282 de
551 4225 628 4282 Orat.
647 4229 667 4291 Ι,
685 4229 726 4283 43.
745 4228 814 4282 Hor.
832 4227 900 4299 Epp.
919 4227 952 4289 lt,
973 4228 995 4290 l,
1012 4227 1054 4281 28.
1074 4228 1107 4282 cl.
1123 4229 1156 4280 D.
1169 4229 1260 4298 Magn.
1281 4229 1389 4286 Auson.

423 4315 500 4372 Com.
518 4315 593 4372 Pras.
612 4318 697 4372 XXll.
