3400 5042
703 600 705 608 ι
812 558 885 633 157

409 728 580 799 Nitebatur
609 732 870 821 igiturpropria
900 733 950 798 vis.
978 745 1075 822 atque
1107 732 1383 806 indolesharum

325 835 510 904 fabularum
532 858 599 898 non
621 835 653 899 in
676 827 826 899 connexu
848 835 1001 911 historiae
1018 837 1150 917 alicujus
1166 823 1335 901 artificiose
1351 848 1385 901 et

265 934 267 939 ’
326 937 413 1002 varie
435 937 631 1014 constricto,
657 939 811 1024 quoniam
834 937 931 1002 tricae
955 938 1121 1002 Atellanae
1148 939 1310 1024 simplices
1331 939 1382 1002 vel

303 1040 358 1114 ¹in
386 1037 599 1127 proverbium
629 1039 778 1111 abierunt
793 1044 846 1118 ²⁰),
884 1039 939 1103 sed
973 1041 1082 1125 potius
1108 1040 1141 1105 in
1168 1039 1383 1126 depingendis

325 1141 482 1218 moribus,
503 1139 643 1226 ingenio,
665 1140 728 1205 vita
745 1141 795 1204 vel
812 1140 1028 1227 agricolarum
1044 1141 1095 1206 vel
1107 1141 1383 1228 oppidulanorum

326 1243 376 1323 uel
403 1242 578 1306 hominum
607 1240 709 1305 infimi
741 1242 880 1320 ordinis„
923 1255 958 1306 ut
985 1242 1215 1321 falsariorum,¹
1246 1246 1383 1310 circum-

298 1333 300 1339 *
324 1345 537 1432 scriptorum,
552 1342 744 1427 lullonum,
766 1343 990 1432 haruspicum,
1010 1369 1225 1433 praeconum,
1257 1359 1382 1412 scorto·
1460 1406 1463 1410 .

258 1434 262 1441 ¹
324 1471 398 1513 rum
414 1452 463 1524 ²¹).
500 1445 559 1509 stc
581 1444 672 1509 facile
694 1444 764 1509 ficri
787 1458 925 1533 poterat,
947 1459 991 1524 ut,
1018 1471 1093 1511 cum
1116 1449 1156 1512 de
1178 1455 1381 1534 argumento,
1405 1496 1408 1503 ,

293 1584 295 1588 =
326 1546 551 1635 de‘personis,
583 1546 623 1610 de
645 1548 791 1633 partibus
817 1548 946 1613 fabulae
972 1560 1046 1613 ante
1073 1551 1278 1614 convenisset
1298 1550 1382 1614 inter

323 1661 466 1726 actores,
486 1659 596 1712 tamen
618 1647 721 1713 libera
743 1663 891 1715 maneret
910 1653 1065 1731 juvenum
1089 1651 1215 1715 licentia
1239 1675 1277 1716 ex
1299 1665 1381 1715 tem·

284 1816 286 1820 .
323 1750 557 1839 paredicteria,
575 1749 920 1830 calescantiuncutas,
936 1753 1110 1819 ‚sententias
1121 1744 1381 1840 communesque
1413 1813 1417 1818 .
1492 1814 1495 1818 .

324 1855 414 1917 locos
437 1851 649 1930 immiscendi,
672 1851 776 1916 donec
798 1853 863 1917 hoc
884 1854 1172 1940 genuspopularis
1193 1855 1300 1940 poesis
1321 1854 1381 1918 arti

323 1957 486 2042 literisque
509 1953 720 2018 mandaretur
741 1954 849 2018 Sullae
871 1967 1022 2042 tempore
1044 1957 1121 2020 e-L.
1141 1956 1327 2042 Pomponio
1349 1969 1382 2020 et

324 2059 367 2143 Q.
390 2055 509 2120 Novio.
551 2057 678 2120 'lamen
700 2067 776 2143 post
794 2053 960 2143 Caligulae
982 2070 1121 2125 aetatem
1142 2081 1245 2145 quum
1266 2057 1382 2124 nullia

323 2151 542 2246 scriptoribus
568 2156 773 2244 appellentur
807 2171 924 2244 poetae
952 2160 1020 2240 ejus
1048 2161 1190 2245 generis,
1230 2160 1381 2224 videntur

323 2260 490 2330 Atellanae
512 2257 767 2346 adpopularem
790 2258 878 2323 illam
901 2260 1041 2346 speciem
1064 2263 1247 2337 revertisse,
1280 2285 1379 2350 quam
1444 2306 1466 2332 ·.

321 2385 381 2450 per
401 2373 504 2426 totam
526 2359 668 2424 mediam
690 2372 828 2424 aetatem
851 2385 953 2449 usque
975 2361 1016 2426 ad
1028 2374 1172 2426 nostram
1183 2363 1382 2428 memoriam

321 2463 452 2530 retinuit
475 2461 582 2548 italica
605 2462 785 2526 comoedia.
1305 2531 1308 2536 ,

405 2566 477 2631 Hoc
503 2586 606 2628 unum
628 2563 724 2649 igitur
751 2575 869 2628 restare
901 2564 1042 2642 videtur,
1075 2578 1110 2629 ut
1131 2564 1381 2645 demonstretur,
1489 2568 1493 2574 ’

322 2666 400 2755 quid
428 2665 469 2730 sit
495 2669 640 2732 exodium.
695 2666 746 2729 lle
775 2688 841 2752 quo
871 2666 981 2731 Livius
1007 2667 1051 2730 sic
1078 2667 1224 2753 scripsit:
1267 2667 1379 2752 „Quae
1479 2670 1482 2674 ’

320 2767 452 2834 ridicula
484 2766 631 2831 versibus
664 2765 783 2830 intexta
816 2767 892 2832 inde
930 2767 1044 2832 exodia
1072 2779 1185 2856 postea
1218 2769 1379 2856 appellata

321 2881 533 2956 consertaque
555 2867 760 2955 potissimum
783 2869 940 2934 Atellanis
966 2882 1071 2933 sunt«
1114 2869 1224 2954 Quem
1246 2871 1381 2958 quidem
1425 2906 1427 2908 ·

321 2972 430 3036 locum
453 2969 592 3035 Stievius
615 2969 658 3033 sic
680 2969 912 3056 interpretatur
927 2977 985 3049 ²²):
1017 2995 1085 3034 non
1106 2971 1140 3045 in
1161 2970 1226 3036 fine
1252 2984 1380 3038 tantum

322 3072 543 3138 Atellanarum
557 3070 671 3136 exodia
683 3071 754 3135 lusa
772 3095 840 3136 esse
858 3085 893 3136 ut
908 3073 1096 3138 comoedias
1110 3097 1171 3161 per
1186 3097 1220 3137 sc
1232 3075 1381 3161 integras,

321 3174 377 3239 sed
400 3173 549 3260 antiquos
571 3177 664 3255 jocos
688 3175 804 3258 possim
831 3181 962 3240 insertos
990 3173 1274 3253 intAtellanarum
1301 3199 1380 3240 con·

320 3300 442 3341 nexum
461 3275 578 3357 ¹exodia
600 3276 714 3353 fuisse,
746 3276 832 3340 unde
861 3279 1019 3364 ampliore
1047 3277 1164 3341 deinde
1185 3301 1281 3342 sensu
1303 3301 1380 3358 exo·

320 3379 411 3442 dium
434 3376 590 3463 significet
612 3399 710 3440 omne
731 3377 835 3442 sacete
858 3391 890 3442 et
916 3395 1005 3444 acute
1032 3385 1151 3445 dictum.
1195 3381 1264 3444 Hac
1290 3382 1378 3444 enim

320 3481 387 3545 sola
417 3479 542 3543 ratione
570 3479 741 3556 declarari,
783 3481 862 3566 quid
889 3482 944 3558 sit,
979 3482 1068 3568 quod
1094 3493 1207 3568 postea
1229 3483 1320 3547 mimi
1342 3506 1379 3547 ac

319 3581 507 3668 planipedes
529 3581 613 3644 inter
634 3592 722 3644 actus
744 3593 776 3645 et
793 3593 868 3668 post
883 3581 983 3647 finem
1001 3583 1185 3647 fabularum
1203 3583 1236 3647 in
1247 3607 1379 3648 scenam
1401 3596 1403 3599 ’

319 3683 516 3771 prodierint,
549 3683 604 3769 qui
625 3704 746 3770 nempe
770 3683 830 3770 ipsi
854 3697 963 3749 essent
983 3691 1138 3750 exodmrir'
1155 3686 1315 3768 majorem
1337 3687 1378 3750 ad

364 3966 402 4038 ²⁰)
421 3968 524 4023 Arnob.
543 3969 602 4024 adv.
620 3983 711 4041 gentes
731 3970 765 4022 V·
783 3991 809 4042 p·
830 3971 887 4025 167·

364 4055 401 4125 ²¹)
420 4057 497 4110 Haec
516 4057 604 4111 omnia
623 4058 651 4111 in
674 4059 818 4132 Pomponii
839 4059 974 4131 Noviique
996 4061 1150 4132 fragmentis
1172 4072 1278 4132 reperte
1300 4060 1383 4115 etiam·

422 4143 457 4196 de
480 4143 651 4217 popularibus
677 4145 807 4201 Atellania
829 4145 1026 4218 antiquioribus
1050 4147 1140 4204 valere
1163 4167 1242 4203 nemo
1264 4149 1379 4219 negabit.

422 4230 465 4285 Cf.
483 4231 574 4304 fragm.
593 4252 634 4304 ap.
653 4232 743 4287 Munk
761 4233 802 4288 de.
822 4233 840 4288 f.
859 4234 901 4287 At.
920 4253 948 4306 p.
965 4233 1007 4288 64.
1026 4254 1065 4307 sq.
1085 4234 1119 4290 de
1136 4233 1166 4288 la·
1183 4235 1277 4309 Pomp.
1294 4254 1320 4308 p.
1337 4235 1379 4289 bd.

363 4313 402 4388 ¹²)
421 4315 512 4374 Stieis
530 4315 622 4374 darei
640 4336 710 4374 acen.
729 4317 810 4392 origg.
826 4336 852 4393 p.
870 4318 914 4376 tt.
