3400 5042
929 462 978 571 u

420 639 526 707 amnis
552 640 586 704 in
613 651 754 726 pontum
780 661 936 727 magnum
954 652 1122 718 exterra
1140 641 1308 728 frugifera3
1334 640 1476 728 piscibus

421 755 519 831 atque
538 742 650 817 avibus
672 742 813 830 serisque
836 766 917 830 quae
939 743 1087 808 incolunt
1107 757 1224 824 terras,
1246 745 1282 809 iis
1310 745 1380 810 luat
1406 767 1475 808 esca

419 871 496 928 caro
518 858 587 920 tua:
610 870 688 917 nam
710 846 790 910 milri
813 847 855 910 ita
876 846 1009 932 Jupiter
1030 846 1113 918 latus
1135 860 1211 913 est«

502 949 609 1014 Etiam
631 949 685 1029 hic
707 949 837 1013 Livium
861 972 929 1015 non
955 949 1063 1014 critica
1086 951 1211 1015 ratione
1234 951 1331 1015 ver-ba
1354 948 1476 1035 antiqui

418 1052 569 1126 carminis
586 1052 789 1138 descripsisse
816 1063 848 1115 et
866 1051 1053 1131 delineasset,
1079 1054 1134 1118 sed
1162 1053 1322 1122 rhetorica
1349 1052 1476 1117 licentia

419 1154 623 1243 expressisse*
648 1154 743 1219 docet
769 1155 1005 1241 praepositum:
1038 1157 1093 1221 »in
1122 1163 1198 1222 haec
1222 1158 1326 1222 ferme
1349 1155 1472 1222 verba«

418 1257 574 1328 Omnino
592 1280 668 1323 vero
691 1268 893 1345 quantopere
920 1257 1100 1324 istiusmodi
1122 1273 1262 1326 conatus
1288 1256 1477 1335 restituendi

418 1360 645 1426 omni-critico
668 1349 799 1426 careant
821 1359 1036 1425 fundamento
1058 1363 1245 1451 intelligitur
1271 1365 1395 1429 collatis
1423 1364 1476 1434 bi-

418 1463 459 1528 vii
492 1462 597 1528 verbis
626 1487 701 1527 cum
731 1462 907 1539 Macrobii,
935 1464 1220 1550 quibusalteram.
1247 1467 1362 1532 Marcii
1395 1467 1481 1555 vatis.

418 1589 552 1632 car-men
570 1567 792 1653 ‘compositum
814 1565 912 1636 fuisse
934 1567 1092 1633 scribunt:
1410 1582 1412 1585 ’
1473 1612 1475 1616 -

459 1669 522 1741 Νο.
545 1674 574 1734 3.
623 1668 705 1733 Livii
727 1669 826 1746 XXV,
849 1674 897 1733 12.
1031 1671 1200 1753 Macrobii,
1222 1674 1287 1739 Sat.
1300 1672 1412 1752 tlt..

502 1773 661 1846 »Hostem
679 1769 825 1836 Romani
837 1771 863 1834 si
876 1794 928 1835 ex·
995 1810 997 1814 ,
1033 1777 1190 1844 »Hostem
1214 1778 1354 1841 Ronrani
1377 1778 1401 1841 si
1420 1801 1475 1844 ex.

418 1873 541 1962 pellere
569 1873 673 1952 vultis,
701 1873 930 1962 vomicamque
958 1902 1039 1966 agro
1062 1881 1221 1967 expellere
1250 1881 1343 1944 vultis
1372 1881 1476 1943 vomi-

419 1998 500 2063 quae
528 1975 674 2062 gentium
707 1976 795 2039 venit
825 1976 931 2062 longe,
952 1980 1099 2069 ⁴eamque
1121 2007 1204 2070 quae
1225 1975 1370 2069 gentium
1387 1984 1475 2047 venit

203 2106 204 2110 ¹
313 2127 315 2131 .
419 2078 565 2167 Apollini
608 2078 778 2168 vovendos
809 2085 1075 2172 'censeo·.longe‚·
1101 2086 1245 2173 Apollini
1278 2109 1395 2151 censeo
1417 2111 1474 2150 vo·

417 2181 522 2261 ludos,
549 2181 602 2271 qui
631 2181 804 2268 quotannis
831 2182 931 2246 comi·
962 2190 1085 2253 vendos
1103 2189 1206 2267 ludos,
1228 2191 1282 2276 qui
1300 2190 1474 2277 quotannis

416 2296 466 2349 let*
496 2284 641 2372 Apollini
684 2283 784 2348 fiant:
829 2308 931 2373 quum
962 2292 1181 2357 communiter
1201 2291 1288 2357 fiant⁸

416 2387 557 2475 populus
584 2386 709 2456 dederit
735 2411 774 2450 ex
799 2387 931 2474 publico

416 2502 554 2581 partem,
572 2489 687 2582 privati
701 2491 745 2564 uti
759 2489 932 2567 conferant
1263 2568 1265 2574 Α
1348 2563 1350 2568 Ι

416 2616 533 2680 prose
553 2593 691 2680 suisque.
726 2593 767 2656 lis
784 2591 868 2656 ludis
886 2594 970 2657 fa
1097 2659 1100 2667 ,
1246 2581 1304 2650 His
1326 2587 1408 2657 ludis
1429 2587 1475 2651 sa·

416 2695 538 2760 ciendis
564 2695 711 2790 praeerit
731 2706 870 2789 praetor
896 2695 930 2774 is,
962 2691 1082 2754 ciendis
1111 2690 1238 2776 praesit
1269 2690 1294 2752 is
1333 2702 1474 2785 praetor,

415 2799 471 2885 qui
485 2800 534 2880 jus
545 2797 669 2886 populp
683 2797 857 2886 plebeique
875 2798 929 2862 da·
961 2793 1015 2880 qui
1034 2796 1083 2872 jus
1101 2792 1232 2897 populo
1243 2793 1397 2879 plebique
1420 2780 1475 2856 da-

418 2901 465 2964 bit
502 2924 678 2990 summum
742 2900 929 2990 Decemviri
963 2897 1010 2959 bit
1054 2919 1229 2972 summum.
1290 2895 1473 2959 llecemviri

415 2999 557 3086 Graeco
566 3004 633 3075 ritu
646 3003 758 3068 hostiis
777 3027 865 3072 sacra
882 3003 929 3068 fa·
962 2999 1091 3070 Graeco
1113 2998 1175 3062 ritu
1193 2997 1305 3080 hostiis
1326 3021 1413 3084 sacra
1426 2984 1473 3062 la·

414 3106 516 3175 ciant:
551 3107 683 3183 llaec
657 3130 683 3172 st
705 3119 792 3171 recte
814 3106 927 3185 faxitis,
959 3105 1051 3168 ciant.
1097 3101 1213 3165 Hoc
1189 3124 1213 3164 st
1242 3081 1474 3180 rectelacictis‚

414 3209 593 3300 gaudebitis
635 3231 774 3296 semper,
806 3209 926 3296 fietque
959 3203 1137 3293 gaudebitis
1174 3226 1318 3296 semper,
1354 3198 1473 3297 fietque

414 3334 466 3376 res
493 3303 596 3376 vestra
623 3311 750 3376 melior.
792 3311 879 3377 Nam
901 3313 928 3378 is
960 3307 1150 3396 respublica
1172 3307 1300 3371 melior.
1333 3307 1420 3374 Nam
1447 3309 1473 3371 is

414 3414 506 3479 divus
534 3414 714 3531 exstipguet
745 3416 972 3502 perduelles
961 3405 1052 3476 divos
1084 3409 1264 3525 exstipguet
1290 3411 1472 3496 perduelles

335 3539 337 3542 ’
413 3528 544 3595 vestros,
573 3517 627 3611 qui
649 3529 774 3581 vestros
795 3541 929 3607 campos
960 3526 1094 3606 vestros,
1116 3511 1171 3599 qui
1193 3524 1320 3577 vestros
1338 3537 1472 3602 campos

413 3605 553 3706 pascunt
567 3619 754 3706 placida«
879 3682 883 3690 ,
950 3600 1099 3710 pascunt
1122 3615 1286 3703 placide«

481 3723 570 3801 Hoc
591 3746 669 3788 vero
692 3745 823 3789 carmen
844 3725 913 3814 ipse
934 3721 1044 3789 Livius
1060 3716 1242 3807 profitetur
1251 3720 1418 3792 obscurius
1440 3704 1473 3786 et

412 3825 596 3914 perplexius
630 3824 807 3912 scripturae
834 3849 959 3914 genere
996 3825 1100 3889 luisse.
1146 3819 1278 3885 Contra
1317 3846 1355 3886 ex
1393 3824 1471 3910 ipsis

410 3927 612 3994 Marciorum
632 3927 830 4012 carminibus
861 3930 957 3995 verba
987 3925 1148 4016 quaedam
1176 3918 1318 3991 servasse
1345 3924 1473 3990 videtur

412 4031 546 4095 Verrius
568 4015 710 4110 Flaccus,
731 4031 973 4119 Festusp.165.
994 4055 1024 4094 v.
1047 4027 1304 4112 »Negumatern
1326 4017 1470 4123 carmine

413 4129 476 4197 Cn
498 4132 601 4198 Marci
623 4132 703 4197 vatis
724 4133 878 4218 significat
900 4146 1024 4220 negate,
1046 4151 1121 4193 cum
1143 4135 1200 4191 alt:
