3400 5042
817 512 877 604 stt

313 693 490 773 semones,
513 717 655 784 quorum
678 696 728 760 vel
750 692 819 786 ipse
837 695 973 762 nornine
989 694 1105 759 rustice
1117 695 1378 784 indicentopere,

318 796 460 861 carmine
497 795 704 870 secerdotum
738 797 905 863 Arvalium
949 795 1139 883 indigeteri,
1187 809 1223 861 ut
1255 809 1379 885 segetes

319 896 493 986 frugesque
513 908 674 976 tueantur,
694 899 898 988 uberemque
916 912 1059 963 messem
1081 897 1159 962 dent
1179 898 1259 963 fieri.
1302 890 1304 893 ⁵

371 998 380 1064 s
400 999 601 1081 'Huiusmodi
633 1023 713 1066 vero
746 1001 897 1069 carminis
929 999 1010 1066 sec‘ri
1037 999 1084 1063 vis
1105 1022 1142 1063 eo
1163 1023 1289 1084 sensus,
1319 1000 1379 1067 nisi

321 1101 396 1166 enni
417 1111 567 1190 tempore
589 1101 860 1191 quo'csnebetur
885 1094 1034 1190 statuque
1060 1101 1115 1190 qui
1141 1105 1222 1168 tum‘
1237 1102 1379 1169 maxime
1471 1102 1473 1107 ’

320 1213 370 1266 est
389 1213 551 1289 segetum,
572 1202 708 1282 florum,
736 1205 893 1270 arborum
914 1203 1019 1291 probe
1040 1225 1218 1290 perpenso,
1243 1203 1379 1270 omnino

293 1306 294 1310 ’
319 1304 452 1391 intelligi
474 1310 679 1393 non-potest.
712 1306 773 1371 Hic
794 1329 873 1370 vero
896 1304 1087 1370 Cleusenius
1108 1305 1141 1369 in
1160 1305 1380 1392 apertissimos

320 1428 397 1471 sene
418 1406 531 1471 incidit
551 1430 689 1476 errores.
728 1408 877 1473 Primum
899 1409 987 1472 enirn
1003 1407 1089 1471 'mire
1110 1398 1247 1494 putavit,
1269 1407 1380 1484 Ovidii

321 1508 414 1575 illud:
438 1507 558 1574 »Canis
580 1509 774 1595 Erigoneius
797 1506 891 1587 curbo
913 1509 1092 1596 significare
1113 1514 1293 1596 occidentem
1316 1502 1381 1574 Ce-

320 1616 441 1689 nom⁶),
463 1635 565 1698 quum
588 1623 620 1676 et
641 1612 712 1675 loci‘
725 1613 824 1700 ipsius
846 1635 975 1697 sensus,
997 1601 1211 1698 etpermulte
1233 1609 1380 1692 ejusdem

320 1712 469 1802 dictionis
490 1713 551 1777 elia
573 1714 731 1802 exempla,
753 1715 904 1797 simodo
918 1713 1027 1779 Ovidii
1045 1714 1145 1778 lastos
1156 1713 1271 1801 paullo
1289 1712 1380 1779 eccu-

320 1815 419 1880 ratius
440 1816 643 1902 inspexisset,
675 1817 897 1882 eum'docere
923 1828 1071 1904 possent,
1102 1816 1311 1881 econtrario
1339 1815 1393 1904 de
1455 1898 1457 1902 Ι
1523 1834 1525 1838 ·

321 1923 435 1984 oriente
456 1917 564 1982 sidere
585 1918 641 1983 illo
664 1920 861 1984 vocabulum
892 1919 956 1983 exit
982 1941 1050 1982 esse
1077 1919 1215 1996 dictum,
1248 1943 1382 2010 aequore
1472 1929 1474 1935 '

320 2043 452 2107 semper
471 2031 588 2107 poetae
621 2021 731 2085 animo
763 2022 977 2099 obversante,
1013 2019 1101 2084 unde
1132 2020 1236 2096 sidera
1268 2020 1380 2085 omnia

298 2171 303 2176 -
323 2144 489 2208 emergere
508 2122 703 2188 ‘viderentur
712 2127 750 2204 ⁷).
793 2121 963 2204 Ejusmodi
984 2123 1080 2209 igitur
1095 2121 1266 2208 principio
1286 2128 1381 2210 pree·

321 2225 423 2290 misso
457 2223 567 2302 mirari
600 2248 668 2289 non
700 2247 890 2312 possumus,
940 2225 1028 2313 quod
1059 2223 1250 2289 inconcinna
1288 2246 1382 2310 argu·
1450 2271 1452 2274 -

322 2325 479 2391 mentatio
511 2327 669 2414 procedit
692 2327 780 2393 hunc
811 2327 882 2392 fere
909 2327 943 2392 in
969 2325 1126 2391 modum:
1170 2325 1268 2389 »Post
1294 2312 1382 2390 oanis

383 2590 409 2662 ⁸)
429 2593 515 2649 Totus
533 2593 577 2654 bie
594 2593 670 2649 loeus
689 2593 826 2650 Clausenii
844 2595 971 2651 confusus
988 2614 1019 2650 ue
1037 2556 1165 2649 dissertes
1181 2613 1208 2666 p.
1220 2591 1266 2648 57:
1280 2591 1382 2647 lisdem
1463 2643 1465 2647 .
1496 2659 1500 2666 .

426 2681 522 2765 quibus
545 2682 678 2737 celebrari
700 2682 790 2741 sblent
807 2683 883 2737 Deae
900 2683 970 2737 Dine
987 2680 1138 2758 solemnis,
1153 2680 1245 2735 diebus
1261 2679 1331 2743 exit.
1355 2693 1385 2736 ut

425 2757 520 2824 Ovidii
536 2769 626 2825 verbis
645 2783 703 2825 utar
721 2771 793 2831 cunis
811 2769 980 2842 Erigoneius.
1015 2767 1097 2850 Cujus
1116 2781 1190 2824 ortus
1208 2789 1266 2823 eum
1284 2769 1383 2823 imbres
1402 2813 1404 2817 ,

419 2871 452 2912 -et
467 2858 639 2930 tempestates
652 2844 822 2928 significaret,
840 2857 925 2915 exitus
933 2855 1087 2913 liberavisse
1096 2870 1176 2922 metu,
1193 2877 1229 2912 ne
1238 2857 1301 2935 solis
1310 2867 1384 2911 aestu

424 2947 602 3020 perderentur
619 2947 687 3002 udae
705 2949 802 3019 fruges,
818 2947 936 3002 videtur:
960 2946 1099 3020 praeteriit
1115 2947 1152 3010 id,
1170 2945 1383 3018 quoplurimum
1452 2951 1454 2954 ’

426 3056 441 3090 e
459 3035 581 3106 robigine
598 3035 710 3108 periculi
729 3037 943 3109 exspectabatur,
962 3035 1035 3108 quod
1051 3035 1135 3103 luem,
1153 3034 1196 3090 eui
1214 3031 1320 3087 utfinis
1337 3033 1384 3086 im-

425 3135 549 3197 ponetur,
567 3136 710 3198 precantur
725 3127 829 3188 fratres,
847 3145 936 3180 seeum
953 3125 1024 3178 ferre
1042 3123 1153 3188 solebat,
1171 3135 1281 3196 ternpus.
1317 3120 1384 3190 Qui·
1474 3133 1478 3141 '

425 3211 1383 3290 escereigiturnuneeumsolerenttempestatis-turbae,restabatunum

426 3301 500 3374 quod
522 3299 742 3360 terribilissimam
762 3299 824 3358 lieri
844 3313 953 3375 poterat
968 3299 1133 3373 periculum,
1162 3318 1197 3354 ne
1215 3298 1314 3358 bellun
1336 3296 1384 3358 irn-

398 3433 399 3436 ,
426 3391 546 3444 mitteret
562 3387 695 3443 bellorum
713 3389 786 3452 deus,
804 3409 859 3461 quo
877 3387 952 3444 irrite
969 3387 1064 3443 fierent
1084 3387 1174 3444 omnia
1192 3407 1259 3460 quae
1275 3385 1385 3456 juvisset

358 3495 360 3499 ’
427 3478 486 3534 Dee
504 3475 566 3531 Die.

385 3577 409 3647 ⁷)
429 3577 512 3634 Orid.
530 3578 601 3632 Fast.
620 3576 655 3644 V,
674 3577 741 3634 723:
776 3576 865 3634 Nocte
883 3590 1013 3651 sequente
1035 3578 1105 3633 diem
1127 3576 1201 3632 cenis
1224 3574 1384 3647 Erigoneius

957 3668 1020 3722 exit.

780 3755 829 3809 Est
846 3754 901 3810 alio
918 3753 986 3826 signi
1003 3753 1107 3811 redditu
1124 3774 1203 3810 causa
1219 3753 1291 3809 loeo.

427 3840 543 3896 Primum
562 3839 678 3896 Ovidius
694 3861 829 3916 nunquam
847 3843 893 3897 ubi
911 3843 1010 3900 oceidit
1026 3845 1073 3899 sed
1097 3863 1200 3917 semper
1224 3841 1271 3894 ubi
1295 3837 1386 3904 oritur,

427 3929 495 3985 sieut
512 3930 550 3984 rei
568 3941 664 3984 nature
684 3931 784 4002 poscit,
821 3951 922 3986 eausam
947 3933 1047 3989 reddit.
1092 3934 1159 3987 'l'arn
1184 3930 1218 3984 de
1245 3927 1385 3984 occidente

427 4017 505 4072 stella
522 4016 636 4073 Ovidius
653 4017 737 4074 habet
754 4020 776 4088 l,
793 4020 857 4074 ³14:
875 4021 947 4076 subit
963 4042 1060 4094 eqsres3
1077 4022 1098 4090 l,
1115 4020 1178 4074 653:
1196 4039 1224 4072 se
1243 4015 1347 4072 demisit
1356 4016 1385 4069 in

427 4107 527 4172 undes3
545 4107 635 4172 11,772
653 4127 738 4162 merse
747 4104 790 4176 (in
800 4106 907 4179 undas)
925 4110 946 4174 1,
956 4111 1000 4176 77;
1017 4109 1154 4165 contrade
1164 4109 1268 4164 oriente
1277 4105 1311 4170 ll,
1321 4106 1382 4159 145:

427 4195 504 4264 juber
520 4195 617 4250 extulit
633 4195 726 4268 undis3
746 4195 782 4261 ll,
799 4193 871 4253 953.:
890 4199 1007 4254 exseruit
1023 4197 1113 4271 pedes.
1140 4197 1187 4252 Sic
1206 4206 1302 4252 nostru
1320 4193 1383 4248 loeo

356 4297 360 4300 ’
427 4281 561 4339 neminem
578 4283 673 4357 'sugere
692 4296 782 4357 potest
799 4284 855 4341 exit
872 4286 971 4342 dictum
988 4306 1057 4342 esse:
1075 4306 1109 4342 ex
1126 4283 1212 4340 undis.
