3400 5042
862 480 935 553 160

838 763 949 836 Xlll.

338 914 340 919 ’
383 908 386 914 ’
414 929 870 1027 unumunurn
901 883 1113 1016 rusnus
1139 930 1372 1030 cosmus

886 1102 946 1140 onus
959 1099 1005 1140 tulit
1017 1103 1122 1150 suetan,
1136 1102 1170 1151 qu
1183 1102 1262 1142 nusuts
1274 1101 1323 1140 uttts
1337 1100 1396 1141 utel.

1213 1170 1320 1212 umores.

445 1323 509 1385 Pro
541 1319 671 1405 ingenio
705 1319 932 1382 Romanorum
965 1319 998 1382 in
1029 1321 1184 1405 operibus
1216 1319 1421 1407 negotiisque
1473 1395 1477 1402 .

362 1423 498 1512 publicis
521 1433 553 1486 et
572 1420 704 1507 privatis
731 1421 771 1484 ab
802 1419 934 1484 ineunte
965 1432 1068 1485 aetate
1100 1445 1230 1509 semper
1262 1434 1423 1509 occupato

362 1539 458 1612 alque
481 1524 663 1600 exercitato,
684 1533 716 1584 et
738 1544 776 1584 ex
798 1521 834 1584 iis
859 1545 957 1584 unam
969 1523 1160 1608 sapientiam
1173 1524 1423 1611 doctrinamque

362 1627 523 1691 advitam
547 1624 658 1688 utilem
685 1633 875 1710 quaerente,
907 1635 1162 1691 consentaneum
1191 1637 1240 1690 est
1266 1626 1423 1717 exstitisse
1456 1694 1462 1713 ¹
1518 1710 1521 1716 Ι

361 1720 537 1815 antiquitus
551 1718 739 1789 'carminum
762 1746 874 1808 genus,
896 1745 962 1812 quo
980 1723 1060 1788 haec
1078 1727 1144 1812 ipsa
1162 1728 1318 1814 sapientia
1330 1717 1421 1792 brevi

362 1826 706 1915 comprehenderetur.
750 1825 803 1888 Sic
825 1825 921 1909 igitur
942 1826 1083 1890 nutrices
1114 1827 1288 1892 infantibus
1309 1828 1422 1894 Satur-

361 1931 452 1994 nium
475 1930 507 1992 in
530 1927 668 1991 modum
691 1925 852 1990 cantando
874 1927 1060 2013 praecipere
1083 1928 1240 1995 solebant.

395 2045 398 2050 '
423 2028 507 2098 No.
530 2035 579 2098 42.
663 2031 755 2092 tatto
775 2033 851 2093 talto
873 2034 950 2093 Iullo
969 2043 1022 2094 out
1044 2035 1146 2108 ddrmi,
1158 2048 1226 2098 -aut
1247 2039 1332 2099 lacre'
1341 2035 1377 2114 ¹).

362 2146 394 2197 et
415 2132 506 2219 pueri
529 2130 677 2194 ludentes
699 2129 784 2194 hanc
805 2131 1001 2195 sententiam
1024 2120 1123 2196 versu
1140 2135 1320 2199 canebant:

445 2233 507 2298 N0.
530 2237 580 2297 43.
637 2246 640 2250 ’
664 2235 732 2296 Rex
754 2236 813 2296 erit
834 2238 889 2318 qui
911 2246 993 2297 recte
1012 2233 1133 2322 saciet,
1166 2242 1221 2321 qui
1242 2261 1300 2301 non
1318 2237 1422 2318 sacs‘st

399 2342 403 2349 ’
783 2357 841 2397 non
862 2339 969 2414 srit¹).
1270 2421 1273 2427 .
1391 2363 1393 2368 ·

445 2439 559 2502 Festus
582 2458 668 2511 vero,
690 2446 726 2500 ut
748 2435 947 2500 demonstret
968 2435 1009 2499 ab
1031 2435 1171 2523 antiquis
1187 2438 1326 2503 omnino
1342 2439 1423 2526 pu'e·

360 2563 415 2605 ros
438 2538 596 2604 Camillos
618 2536 798 2624 appellatos
820 2560 899 2614 esse,
921 2537 1057 2602 scribit:'
1093 2539 1204 2604 »Sicut
1224 2539 1365 2605 habetur
1386 2542 1420 2607 in

312 2723 316 2731 Ι
361 2644 496 2729 antiquo
518 2640 677 2717 carmine,
710 2661 812 2726 quum
833 2649 927 2725 pater
948 2637 1015 2704 filio
1044 2639 1092 2704 de*
1111 2641 1304 2728 agricultura
1327 2665 1420 2730 prae·

361 2745 501 2832 ciperet:

443 2845 508 2909 Nu.
531 2850 580 2908 44.
746 2844 749 2850 ’
858 2845 1025 2909 υΗιΙένπο

655 2947 792 3023 Pulvere,
815 2969 903 3008 verno
924 2950 1127 3024 Iutdgru‘ndia
1139 2947 1237 3026 sarra
1253 2951 1420 3034 Camllls⁸)l.

653 3050 788 3110 Mele's··

361 3172 444 3238 quae
470 3148 568 3212 verba
596 3171 771 3212 numerum
799 3149 986 3213 Saturnium
1014 3171 1092 3236 prae
1119 3149 1312 3216 referentia
1339 3152 1422 3217 indi·

361 3264 449 3328 cant,
476 3262 582 3314 totum
604 3273 737 3314 carmen
758 3251 944 3338 antiquum,
973 3250 1120 3338 quamvis
1142 3252 1246 3340 exigui
1269 3255 1301 3317 ni
1323 3254 1421 3319 sallo'r

361 3355 510 3430 ambitus,
532 3352 644 3416 similis
667 3364 752 3416 certe
773 3352 900 3438 generis
923 3352 1019 3417 luisse
1042 3364 1138 3439 atque
1160 3354 1296 3418 Hesiodi
1318 3379 1419 3443 opera

250 3458 252 3463 ’
297 3442 299 3448 ’
360 3450 393 3519 et
413 3455 491 3519 dies.
524 3455 692 3518 Praeterea
714 3455 778 3518 hoc
801 3455 875 3519 loco
904 3454 1117 3519 memoranda
1145 3454 1296 3522 videntur
1321 3457 1419 3522 etiam

358 3557 592 3622 incantationes
624 3568 656 3620 et
687 3557 829 3620 carmina
868 3556 1030 3643 quaedam
1061 3557 1094 3620 in
1126 3579 1185 3621 ore
1223 3562 1419 3624 rusticorum

358 3671 493 3738 versata,
514 3659 632 3747 quibus
653 3669 812 3723 secretam
830 3659 934 3722 inesse
946 3657 1171 3746 magicamque
1183 3660 1250 3724 vim
1261 3661 1421 3748 putabant

417 3897 441 3967 ¹)
461 3897 551 3953 Glors.
566 3897 640 3954 Vstt
657 3899 691 3954 ad
709 3897 797 3955 Persii
814 3899 870 3954 Sat.
889 3900 936 3964 ΙΙΙ,
956 3899 996 3955 18.
1014 3896 1055 3952 ed
1068 3898 1208 3955 Dsubnsr.
1235 3901 1322 3957 Etiam
1339 3904 1420 3959 sarci·

459 3985 574 4041 natrices
598 3985 627 4039 iu
648 3985 776 4043 machinis
799 3987 939 4043 incondita
961 3998 1068 4042 cantara
1090 3986 1216 4043 dicuntur
1238 4010 1280 4064 ap.
1302 3989 1420 4045 Varron.

459 4072 576 4127 Saturar.
594 4073 799 4148 Menippsarum
817 4074 923 4148 Reliqq.
941 4073 984 4129 sd
1004 4071 1123 4130 Oshlsrr
1142 4073 1238 4142 ΙΧΙΙΙ,
1255 4078 1297 4133 12
1314 4097 1341 4150 p.
1360 4077 1419 4133 178-

412 4156 439 4228 ²)
458 4159 593 4234 Porphyr.
612 4160 646 4216 ad
664 4161 735 4216 Hor.
753 4161 821 4236 Epp.
839 4162 861 4228 Ι,
880 4163 905 4228 Ι,
921 4161 963 4217 69.

411 4243 438 4316 ⁸)
456 4245 526 4302 Fert.
544 4265 569 4303 r.
587 4244 718 4304 flaminius
737 4244 865 4306 Camillos
882 4268 908 4325 p.
925 4247 968 4306 03.
