3400 5042
342 673 541 760 argumentis
562 671 694 743 confido
714 669 1125 760 medemonstrarcposse.
1167 672 1301 761 Legitur
1311 669 1402 738 Paul.

343 778 434 844 Diae.
456 801 489 866 p.
511 783 552 844 25
573 775 625 844 ed.
647 777 689 844 K.
702 774 891 846 omnen:
914 780 1005 845 »Ans
1024 783 1234 858 assumenti,
1256 776 1400 844 universi

341 875 463 946 sternes
488 880 520 946 id
548 891 598 946 est
616 878 808 946 cohortibus
829 888 885 945 aut
906 878 1122 967 legionibus«
1177 881 1260 948 lbid.
1281 904 1317 971 p.
1339 886 1399 946 26:

343 972 572 1070 »Ambaoioque
593 990 818 1061 circumeuntes,
849 983 1068 1049 catervatim«
1091 1006 1124 1073 p.
1147 989 1209 1052 28:
1242 987 1404 1051 „Amne

342 1087 543 1175 adegerint«
584 1108 617 1174 p.
638 1091 677 1153 3:
710 1088 871 1152 »Ardiaei
899 1085 1026 1152 lactioei
1058 1085 1268 1165 dicebantur,
1299 1108 1402 1174 quum

343 1191 455 1278 plures
475 1189 553 1277 quid
576 1214 636 1255 uno
656 1203 782 1269 agerent
801 1187 997 1254 lacerentve.
1030 1190 1108 1255 Axis
1125 1200 1234 1255 autem
1250 1187 1404 1277 antiquos

343 1291 460 1358 dixisse
480 1315 543 1380 pro
565 1297 661 1372 egerit
681 1291 892 1358 manifestum
913 1301 979 1368 est:
1012 1291 1100 1358 unde
1125 1298 1229 1358 aedes
1249 1291 1403 1357 mulieres

341 1394 408 1461 eive
428 1394 488 1459 viri
509 1394 702 1460 dicebantur
722 1419 781 1460 uno
801 1408 961 1474 mentm«
1014 1395 1142 1459 Harum
1163 1394 1260 1482 igitur
1280 1415 1400 1460 vocum

341 1497 509 1563 neminem
532 1496 644 1585 fugere
675 1508 785 1585 potest
805 1507 837 1561 et
863 1497 1000 1584 stirpem
1025 1509 1058 1562 ct
1089 1519 1223 1563 sensum
1255 1496 1399 1562 averbo

341 1605 452 1680 agendi
469 1598 700 1678 derivandum,
722 1597 810 1663 unde
830 1599 928 1664 etiam
950 1599 1051 1687 stipes
1072 1611 1171 1678 teres,
1192 1601 1276 1664 circa
1298 1620 1399 1686 quem

342 1714 418 1768 vota
440 1702 575 1767 vertitur
596 1724 653 1766 seu
674 1701 788 1788 agitur,
808 1700 857 1786 (v.
879 1701 946 1767 axis
966 1723 999 1788 p.
1010 1703 1049 1788 3)
1071 1708 1142 1768 anie
1162 1701 1321 1791 appellari
1342 1723 1403 1788 po·

342 1816 443 1879 terat:
465 1827 525 1868 nec
546 1803 624 1869 latet
644 1801 808 1891 prolecto,
829 1803 952 1890 glossas
975 1807 1046 1870 Axe
1066 1811 1269 1885 agglomerata·
1286 1807 1402 1870 etAm-

342 1913 493 1993 basioque
513 1913 727 1972 circumeuntes
748 1902 927 1992 significare
954 1918 1120 1972 rotantem
1147 1907 1400 1974 exsultationum

342 2020 487 2089 motum,
518 2032 575 2074 seu
603 2008 822 2074 saltationum.
837 2008 936 2074 orbes
964 2010 1087 2075 circum
1117 2010 1229 2076 altaria
1261 2010 1403 2076 deorum

343 2113 526 2202 implicatos
548 2111 799 2199 explicatosque,
820 2133 903 2199 quos
916 2111 994 2177 Salii
1015 2137 1075 2178 uno
1095 2137 1187 2193 agere
1203 2117 1404 2193 (audoveo-

341 2213 388 2279 titi
410 2214 483 2280 sint.
527 2211 616 2279 Cum
626 2211 678 2278 his
698 2235 778 2279 vero
789 2214 970 2296 conjunctis
980 2214 1119 2280 deorum
1130 2213 1403 2294 invocationibus,

342 2322 462 2383 ouandi
495 2316 634 2381 verbum
670 2315 869 2404 singularem
907 2315 1002 2382 facile
1039 2318 1181 2406 suscepit
1211 2315 1403 2383 nominandi

342 2442 473 2485 sensum
505 2417 557 2498 (h.
579 2443 608 2484 v.
632 2417 732 2483 Pauli.
755 2440 787 2506 p.
808 2425 864 2500 8),
896 2441 1000 2506 quum
1024 2420 1217 2507 praesertim
1244 2430 1278 2484 et
1304 2419 1403 2484 verba

343 2544 455 2608 agere,
487 2521 609 2600 lacere,
640 2519 710 2585 fieri
743 2532 779 2586 ut
800 2519 926 2586 Graeca
953 2505 1080 2608 ἕρδειν,
1105 2505 1218 2607 ῥέζειν
1243 2520 1286 2587 de
1306 2521 1404 2590 sacris

341 2623 570 2711 praegnantius
591 2621 727 2688 omnino
749 2622 914 2702 dicantur,
945 2634 978 2688 et
1004 2622 1194 2711 promiscuo
1222 2622 1322 2691 luisse
1343 2647 1403 2691 usu

284 2798 288 2807 ¹
342 2727 458 2792 Festus
476 2725 582 2790 tradat
598 2725 697 2790 verba
715 2749 804 2790 orare
819 2736 853 2790 et
867 2749 959 2805 agere
975 2725 1063 2813 apud
1074 2726 1226 2814 antiquos
1237 2729 1284 2809 (v.
1295 2725 1404 2817 Orare

342 2852 374 2916 p.
394 2831 480 2910 198).
523 2827 755 2913 Quamobrem
776 2828 1018 2908 duomantala.
1039 2835 1227 2909 agitarem
1247 2851 1306 2897 seu
1325 2829 1405 2895 anti-

342 2931 456 3018 quiore
488 2930 664 3018 scriptione
694 2938 880 2997 ocitarnenta
909 2942 986 2997 sunt
1020 2932 1299 3020 comprecationes
1331 2931 1405 2998 illae

341 3033 482 3098 deorum
503 3032 651 3098 saltando
673 3033 847 3113 institutae,
868 3045 901 3098 et
921 3032 963 3098 ab
981 3033 1059 3122 ipsis
1080 3032 1271 3100 nominibus
1286 3057 1403 3100 eorum

341 3135 571 3201 denominatae
593 3135 680 3204 velut
700 3135 854 3216 Junonii,
885 3135 1053 3218 minervii,
1083 3137 1195 3203 Januli
1221 3157 1333 3202 versuo
1348 3136 1404 3222 “).

341 3238 469 3324 Quodsi
490 3237 579 3325 apud
601 3238 752 3305 Paullum
773 3237 912 3326 legimus
932 3262 965 3327 p.
990 3246 1064 3306 lla:
1095 3242 1317 3320 »lndrkitontm
1344 3240 1405 3304 im·

339 3351 527 3430 precanto,«
564 3352 596 3407 et
617 3341 760 3408 ibidem:
793 3346 1064 3423 »Iudr'getomentm
1090 3343 1330 3410 incantamenta
1352 3341 1404 3406 vel

339 3442 485 3524 indicia«
506 3466 574 3509 non
596 3443 733 3510 dubium
754 3443 892 3525 videtur,
913 3444 993 3536 quin
1004 3471 1102 3512 onore
1123 3447 1405 3530 (murreapitore)

338 3591 551 3604 ffl

385 3667 423 3737 ω)
441 3668 516 3724 Paul.
535 3691 560 3725 r.
578 3681 717 3726 ueniente
741 3669 899 3730 dicebantur
920 3669 1037 3728 armine
1053 3669 1180 3737 saliaria,
1206 3690 1275 3744 quae
1291 3689 1307 3727 a
1323 3668 1405 3741 Saliis

443 3755 626 3814 sacerdotibus
644 3759 810 3817 canebantur
827 3759 857 3815 in
875 3760 1014 3819 unirerme
1033 3778 1127 3816 ornnes
1145 3761 1299 3834 composite
1335 3751 1404 3816 Nem

442 3843 472 3899 in
490 3845 556 3902 deor
573 3847 691 3921 singulos
708 3867 799 3906 versus
816 3847 882 3905 lacti
899 3867 915 3904 e
931 3847 1087 3908 nominibus
1111 3867 1202 3905 eorum
1229 3846 1405 3923 appellaban-

348 3952 350 3955 ’
443 3945 495 3999 tur,
513 3946 542 3989 ut
558 3935 660 4002 druell,
676 3936 801 4007 Junonii,
823 3936 964 3994 Minerrii.
991 3935 1086 3993 Mnell.
1105 3956 1156 4010 pro
1173 3944 1302 4012 corrupto
1318 3935 1404 3992 bomi-

442 4041 490 4089 nes
507 4022 626 4098 scripsit:
644 4025 723 4092 deos:
741 4025 874 4098 Hertung.
892 4025 953 4081 Rel.
962 4025 1040 4082 Rom.
1057 4046 1084 4098 p.
1094 4024 1140 4080 dd:
1157 4043 1288 4083 mones.
1315 4024 1405 4082 At'de

441 4110 483 4166 bis
500 4111 606 4168 aselii·
621 4125 803 4179 memoratum,
820 4111 926 4170 nullum
942 4125 983 4170 est
1000 4111 1136 4170 indicium.
1171 4111 1283 4187 Scripsi:
1300 4131 1405 4179 ornnes,

441 4199 609 4356 ppodmbxd
622 4219 693 4259 raro
715 4202 889 4275 conjunctum
911 4212 953 4258 est
973 4221 1034 4260 curn
1057 4199 1184 4260 universi.
1216 4201 1302 4258 Plane
1326 4199 1404 4256 Tria.

483 4326 491 4356 ‚
1194 4316 1197 4322 .
