3400 5042
826 505 899 584 117

330 679 514 760 vocaverat,
546 681 692 770 primum
718 694 886 748 mortuum
908 683 1134 773 propinquum
1159 706 1255 751 sunm
1275 686 1392 754 naenia

331 785 524 862 celebrabat,
546 783 768 873 poculumque
790 787 909 864 ineius
932 785 1095 850 honorem
1116 785 1299 862 hauriebat;
1318 800 1391 854 tum

331 901 516 954 ceterorum
549 884 760 950 convivarum
794 911 878 951 unus
910 888 1046 975 quisque
1073 887 1226 978 deinceps
1250 913 1392 969 carmen,

329 990 419 1078 quod
441 990 473 1054 in
495 988 665 1054 funeribus
686 989 800 1075 patris,
823 1013 879 1053 seu
902 991 967 1066 avi,
988 1014 1045 1054 seu
1067 989 1143 1054 clari
1165 991 1298 1072 alicujus
1314 1013 1391 1056 suae

328 1094 431 1180 gentis
453 1091 511 1154 viri
535 1090 697 1154 decantari
720 1091 926 1168 meminerat,
948 1093 1126 1180 repetebat.

411 1192 546 1257 Accedit
567 1193 652 1256 aliud
675 1206 921 1278 argumentum,
949 1218 1015 1282 quo
1039 1206 1125 1259 recte
1147 1195 1189 1260 ita
1212 1194 1327 1274 conjici
1348 1193 1390 1260 de

328 1319 420 1360 more
448 1294 584 1359 canendi
613 1294 668 1357 illo
691 1297 859 1381 probatur.
912 1297 999 1360 Nam
1026 1320 1128 1384 quum
1155 1297 1189 1360 in
1215 1295 1391 1361 duodecim

326 1399 444 1463 tabulis
471 1397 606 1462 omnino
630 1398 732 1460 verbo
762 1405 893 1463 carmine
920 1399 1099 1463 cantilenae
1125 1399 1198 1463 illae
1225 1411 1389 1476 notentur,

327 1513 439 1565 contra
467 1523 531 1562 vox
557 1506 666 1564 naenia
693 1523 760 1563 non
788 1501 890 1586 magis
923 1525 1021 1588 quam
1045 1504 1185 1586 praefica
1212 1501 1245 1564 in
1270 1501 1389 1566 tabulis

314 1604 444 1693 scripta
467 1601 563 1666 fuisse
585 1603 721 1680 videtur,
744 1604 901 1690 quoniam
920 1603 992 1667 loco
1013 1627 1108 1689 supra
1128 1602 1257 1690 prolato
1276 1603 1387 1667 verba:

328 1712 378 1770 cci
396 1732 499 1770 nomen
521 1721 567 1769 est
589 1710 714 1768 naeniae
735 1727 753 1766 a
777 1702 937 1769 Cicerone
963 1707 1003 1770 ad
1030 1707 1257 1793 explicandam
1283 1705 1389 1792 legem

327 1809 474 1896 apposita
496 1818 579 1870 sunt.
624 1805 736 1890 Quare
759 1807 901 1894 aliquam
926 1807 993 1871 veri
1020 1809 1163 1894 speciem
1188 1807 1288 1872 habet
1312 1811 1390 1871 con-

326 1913 461 1992 jectura:
485 1909 574 1972 verbi
597 1908 731 1972 naeniae
754 1933 848 1972 usum
861 1911 920 1973 Xll
940 1911 1124 1974 tabularum
1145 1923 1390 1996 temporenon·

327 2015 406 2076 dum
430 2012 596 2097 vulgatum
624 2009 719 2073 luisse
748 2012 835 2098 apud
864 2013 1050 2090 Romanos,
1081 2012 1204 2101 quippe
1229 2011 1284 2100 qui
1310 2023 1389 2076 tuno

326 2115 547 2180 convivalibus
568 2112 645 2176 solis
672 2114 869 2177 carminibus
895 2114 1082 2179 celebrandi
1109 2114 1230 2179 mortui
1257 2136 1388 2178 morem

323 2217 497 2282 noverint(
515 2216 647 2279 Etenim
670 2215 694 2278 si
713 2215 846 2302 quidem
869 2217 910 2279 ad
933 2216 1137 2282 Graecorum
1158 2217 1388 2305 exemplorum

324 2343 476 2383 normam
499 2317 673 2382 duodecim
695 2318 881 2381 tabularum
903 2319 990 2405 leges
1011 2319 1210 2406 conscriptas
1225 2342 1294 2382 esse
1310 2341 1388 2382 con·

325 2433 401 2498 stat,
440 2418 602 2485 Cicerone
635 2421 825 2505 praesertim
858 2422 967 2485 omnia
995 2421 1036 2486 de
1067 2421 1222 2485 funerum
1253 2431 1387 2508 sumptu

322 2522 518 2612 praescripta
540 2545 558 2586 a
582 2522 787 2586 Graecorum
809 2523 1029 2588 institutorum
1057 2523 1266 2587 similitudine
1292 2546 1387 2610 repe-

323 2639 425 2702 tente,
456 2648 522 2688 non
552 2636 601 2689 est
627 2623 780 2702 dubium,
813 2625 891 2712 quin
920 2626 975 2690 illo
1001 2638 1152 2712 tempore
1182 2626 1295 2690 mutati
1323 2625 1387 2689 sint

326 2728 419 2792 multi
453 2727 574 2814 antiqui
607 2726 760 2790 funerum
794 2727 875 2791 ritus
908 2752 945 2792 ac
975 2728 1203 2793 caerimoniae.
1256 2726 1386 2813 Quodsi

325 2831 474 2896 naeniam
508 2828 674 2894 Graecum
707 2853 778 2893 esse
811 2831 1008 2895 vocabulum
1047 2830 1165 2895 Cicero
1203 2829 1385 2909 affirmavit,

324 2934 468 3020 itemque
491 2932 635 3019 Scaliger
655 2956 671 2996 a
695 2932 823 2996 Graeco
845 2957 903 2997 seu
926 2933 1067 3022 Phrygio
1093 2934 1196 2998 verbo
1222 2916 1385 3012 vttvl'awt'

324 3036 447 3100 derivat
464 3040 516 3113 ¹⁴),
538 3047 795 3098 consentaneum
818 3035 955 3114 videtur,
977 3060 1040 3100 una
1062 3060 1138 3099 cum
1160 3035 1262 3099 verbo
1285 3035 1384 3100 etiam

324 3163 420 3202 usum
448 3139 580 3201 naeniae
604 3161 620 3200 a
643 3137 791 3224 praeficis
819 3140 985 3203 canendae
1013 3163 1030 3203 e
1058 3140 1198 3224 Magnae
1225 3135 1383 3202 Graeciae

322 3241 456 3305 urbibus
479 3241 621 3303 Romam
643 3241 836 3326 pervenisse,
858 3263 895 3303 ac
916 3241 1036 3305 sensim
1057 3240 1151 3305 latius
1172 3263 1330 3305 manasse.

406 3343 521 3406 Priscis
543 3354 651 3406 autem
668 3341 874 3428 temporibus
892 3366 995 3429 quum
1010 3342 1095 3407 hanc
1111 3343 1382 3408 [uiscerationem

320 3445 453 3510 naeniae
476 3445 738 3508 demonstratum
759 3445 808 3521 sit,
829 3457 865 3508 ut
886 3445 946 3531 ipsi
969 3446 1137 3510 necessarii
1159 3445 1272 3511 laudes
1293 3469 1382 3510 mor-

320 3560 453 3611 tuorum
475 3557 650 3621 cantarent,
675 3546 780 3610 multo
802 3547 980 3611 solemnius
1002 3549 1142 3637 virisque
1163 3549 1197 3613 in
1213 3547 1381 3635 republica

224 3704 228 3716 s
321 3649 413 3714 claris
446 3648 574 3734 dignius
609 3660 690 3726 erat,
739 3649 825 3713 inter
856 3673 945 3714 sacra
977 3652 1135 3737 gentilicia
1169 3649 1380 3738 defunctique

321 3752 460 3816 otiosam
482 3750 758 3831 recordationem,
784 3752 848 3816 vini
871 3752 1027 3818 libatione
1049 3778 1086 3818 ac
1106 3753 1242 3841 potione
1263 3751 1381 3830 addita,

319 3854 466 3941 lugubria
486 3853 628 3918 carmina
646 3854 827 3934 decantare,
849 3878 949 3942 quam
967 3857 1000 3919 in
1012 3857 1078 3942 ipsa
1090 3857 1244 3922 funerum
1255 3877 1379 3942 pompa

318 4043 530 4054 ια’-ι..-

364 4160 400 4232 ¹⁴)
420 4160 461 4215 cf.
480 4161 513 4216 de
531 4163 557 4217 h.
576 4185 602 4217 v.
622 4163 714 4220 lexice.
731 4165 800 4220 Latt.
819 4178 846 4220 et
864 4165 976 4220 Graece.
994 4165 1101 4221 Pollux.
1119 4165 1166 4220 lV.
1184 4185 1237 4236 seg.
1255 4165 1310 4220 tlt:

421 4245 451 4307 ri
471 4246 497 4308 il
519 4250 625 4318 variaret
646 4251 706 4311 'cni
726 4256 771 4328 μὲν
792 4248 906 4334 (beivin.
927 4251 1055 4329 Ἰπᾶνιξ
1074 4251 1178 4313 fuisti
1196 4253 1347 4331 perspectare.
