3400 5042
816 539 888 609 191

321 736 382 777 una
405 713 497 791 salus,
519 736 619 776 unum
643 712 796 793 officium,
818 736 881 777 una
904 714 955 777 lex
972 713 1091 791 nititur,
1113 725 1183 777 turn
1202 715 1378 780 illiustem-

320 817 408 901 poris
430 815 567 878 redeunt
587 816 728 900 ingentia
750 840 786 880 ac
808 815 955 883 miranda
978 813 1076 892 sacta,
1098 827 1168 878 tum
1190 817 1272 881 illius
1293 830 1378 883 aeta-

321 920 359 980 tis
381 929 575 981 revocantur
596 939 692 980 voces
715 930 746 980 et
769 930 890 993 cantus,
913 916 967 1004 qui
990 940 1049 1002 per
1067 916 1208 1002 legitima
1227 931 1374 1005 tempora

322 1021 556 1082 conticuerunt.
611 1018 707 1103 Apud
742 1021 912 1083 Romanos
949 1029 1061 1082 contra
1100 1030 1186 1082 totus
1224 1019 1377 1085 historiae

323 1143 424 1207 usque
452 1119 492 1182 ad
521 1119 667 1183 medium
698 1120 848 1206 quintum
878 1121 1042 1184 saeculum
1071 1142 1261 1207 progressus
1284 1123 1316 1184 in
1339 1146 1378 1185 eo
1402 1200 1404 1204 Ι

321 1223 446 1298 nititur,
468 1221 555 1308 quod
579 1221 701 1306 patricii
724 1222 889 1308 privilegia
912 1245 968 1286 sua
990 1222 1120 1308 antiqua
1142 1222 1233 1285 avitis
1255 1224 1379 1310 legibus

322 1323 556 1399 defendebant,
588 1323 680 1410 plebs
703 1346 841 1410 aequam
865 1347 940 1387 cum
969 1321 1038 1395 iltis
1058 1323 1290 1407 gubernandae
1317 1327 1379 1388 rei·

322 1425 471 1511 publicae
492 1437 618 1510 partem
642 1426 735 1488 novis
758 1424 882 1510 legibus
904 1424 1206 1510 rogationibusque,
1230 1425 1381 1511 patricio-

323 1551 394 1590 rum
419 1526 467 1589 vel
491 1525 624 1590 minime
648 1526 831 1603 voluntario
845 1549 1006 1590 consensu
1028 1525 1212 1604 sanciendis,
1233 1527 1293 1591 sibi
1311 1529 1379 1591 vin·

322 1629 429 1692 dicare
452 1625 608 1690 solebant.
645 1628 739 1690 Plebs
761 1626 973 1705 secedebat¹),
995 1638 1028 1714 et
1050 1629 1090 1689 ab
1109 1625 1202 1691 hoste
1221 1651 1254 1691 se
1275 1628 1377 1715 fugari

322 1753 413 1816 passa
442 1740 504 1804 est,
541 1752 582 1791 ne
609 1740 723 1814 aperto
750 1728 892 1791 tumultu
919 1727 1005 1814 leges
1033 1739 1178 1792 evertere
1206 1728 1380 1808 videretur,

323 1843 355 1894 et
376 1831 498 1918 patricii
523 1831 676 1893 omnibus
698 1829 995 1893 machinationibus
1017 1829 1080 1894 suis
1101 1828 1210 1916 legum
1236 1831 1379 1918 speciem

323 1931 534 2020 praetendere
573 1931 754 1994 studebant.
813 1930 864 1994 Ad
897 1953 1065 1996 armorum
1097 1954 1164 1996 non
1195 1931 1234 1996 ad
1270 1933 1379 2020 legum

323 2047 488 2098 certamen
511 2034 650 2119 pertinet
671 2033 799 2118 epicum
822 2056 966 2099 carmen.

407 2135 478 2200 Pari
500 2135 713 2198 inconstantia
736 2134 832 2198 etiam
855 2134 1115 2220 Nibelungorum
1137 2134 1281 2200 carmina
1300 2159 1317 2200 e
1334 2136 1382 2201 fa·

323 2239 406 2301 bulis
427 2235 585 2322 indigenis
607 2235 869 2322 carminibusque
892 2233 1098 2313 Gothonum,
1124 2234 1381 2324 l'huringorum,

324 2342 539 2414 francorum,
573 2337 843 2422 Burgundionum
866 2359 925 2423 per
945 2337 1145 2424 populorum
1172 2338 1381 2426 migrationes

323 2442 408 2505 varie
439 2439 600 2504 translatis
633 2439 882 2526 commixtisque
915 2450 1064 2503 concreta
1097 2450 1129 2503 et
1157 2441 1380 2529 Hispanorum

323 2565 443 2629 poema
465 2539 623 2626 populare
645 2539 734 2626 quod
753 2537 817 2603 Cid
840 2540 1029 2627 inscriptum
1052 2551 1108 2620 est,
1129 2563 1146 2604 a
1168 2543 1382 2629 migrantibus

324 2643 492 2731 quondam
514 2642 619 2729 poetis
641 2641 849 2727 musicisque,
880 2641 1056 2727 religionis,
1086 2643 1222 2721 amoris,
1252 2644 1382 2709 sortitu·

325 2746 408 2810 dinis
441 2744 656 2831 praeconibus
689 2745 837 2806 cantitata
870 2753 973 2807 aetate
1008 2744 1180 2829 grandium
1219 2744 1382 2810 factorum

324 2845 587 2931 mirabiliumque
609 2866 719 2906 rerum
742 2843 951 2922 fertilissima,
976 2845 1108 2910 adrem
1131 2846 1227 2933 plane
1249 2843 1384 2910 dissimi-

325 2950 396 3027 lem¹
413 2945 701 3012 demonstrandam
723 2943 838 3008 collata
861 2955 944 3008 sunt.

384 3211 407 3281 ¹)
426 3211 541 3276 Pulchre
561 3225 587 3266 et
608 3211 788 3283 significanter
810 3210 900 3266 Livius
923 3212 958 3268 de
980 3234 1011 3267 ea
1032 3226 1118 3269 aetate
1141 3213 1206 3270 dicit
1226 3216 1306 3281 Vlll,
1331 3216 1382 3273 40:

428 3300 570 3372 ultimaque
587 3301 673 3354 rabies
691 3299 802 3355 secessio
820 3299 853 3353 ab
870 3299 923 3354 suis
941 3298 1098 3356 habebatur.
