3400 5042
818 524 868 601 67

401 703 536 770 »Arcera
556 721 652 787 saepe
674 715 792 766 auctas
827 699 929 768 Paull.
950 724 982 788 p.
1005 706 1045 767 25
1067 724 1142 767 cum
1164 698 1277 766 Muell.
1300 710 1377 779 not,

319 806 360 872 ad
382 827 481 896 quam
503 826 571 868 non
593 802 710 882 habeo,
731 803 821 891 quod
843 802 972 868 addam.
1021 799 1023 802 ⁴

403 911 508 985 Canta,
529 905 632 970 canite
655 905 694 970 cf.
717 907 770 970 Fr.
793 905 856 970 No.
880 912 907 971 7.

402 1015 496 1076 Gerus
518 1034 630 1073 manus.
663 1007 764 1073 Paull.
776 1033 804 1072 v.
817 1009 959 1074 Matrem
977 1009 1147 1074 Matutam.
1169 1031 1202 1096 p.
1217 1012 1292 1073 122:

319 1114 368 1180 „in
390 1111 534 1178 carmine
556 1110 669 1176 Saliari
689 1115 782 1176 Ceras
798 1137 902 1176 manus
919 1111 1105 1198 intelligitur
1121 1125 1241 1176 creator
1257 1116 1377 1177 bonust

322 1216 422 1283 Gutb.
439 1239 474 1303 p.
488 1219 548 1280 128
563 1213 681 1278 merito
701 1214 912 1302 reprehendit
923 1215 994 1278 Jos.
1007 1213 1205 1299 scaligerum
1222 1213 1276 1302 qui
1293 1240 1378 1280 cerus

319 1317 457 1406 explicet
486 1331 618 1382 sanctus.
674 1317 805 1381 Etenim
836 1319 901 1398 jam
934 1340 1030 1404 supra
1068 1315 1205 1381 vidimus
1241 1316 1376 1404 stirpem

318 1422 407 1486 verbi
431 1442 498 1484 esse
521 1446 571 1484 cer
591 1443 648 1484 seu
667 1445 723 1499 ger
742 1432 777 1484 ut
792 1420 825 1484 in
839 1425 939 1498 Ceres,
959 1446 1073 1500 gerere,
1092 1446 1223 1500 genuen,
1245 1435 1378 1500 creator,

321 1528 503 1590 Cra-divus
530 1534 583 1585 ctt.
638 1524 750 1611 ltaque
782 1535 869 1588 recte
896 1523 1057 1587 Meursius
1084 1523 1199 1588 Exere.
1228 1520 1312 1595 Crit.
1333 1526 1376 1591 ll.

318 1629 377 1705 lll,
393 1634 419 1690 l.
444 1631 549 1690 Carum
570 1652 687 1690 manum
708 1650 774 1691 non
798 1627 931 1690 differre
952 1639 1046 1715 putat
1067 1631 1189 1691 aGenio
1200 1631 1290 1692 Jano.
1321 1625 1375 1694 Cf.
1418 1611 1420 1614 ι

319 1755 348 1798 ν.
371 1755 490 1794 ceruses
510 1730 563 1793 Fr.
586 1730 649 1798 No.
673 1737 700 1795 7.
743 1730 862 1794 Manus
885 1730 963 1818 quid
984 1730 1025 1794 sit
1045 1730 1086 1795 cf.
1108 1755 1137 1796 v.
1159 1730 1310 1797 Manuos.

404 1835 543 1909 Cereres,
571 1830 718 1897 Creator.
747 1832 787 1896 cf.
810 1835 864 1897 Fr.
887 1834 950 1901 No.
972 1840 1000 1901 8.

404 1940 568 2013 coemisse,
591 1935 765 2021 collegisse.
792 1936 869 2000 ibid.

404 2042 507 2116 Creme,
531 2061 615 2102 eum.
644 2038 685 2106 cf.
709 2039 761 2102 Fr.
784 2039 847 2103 No,
870 2046 899 2104 9.

404 2144 509 2218 Cunei,
530 2141 622 2204 Jovis
644 2141 779 2228 fulgura.
808 2141 885 2209 ibid.

405 2247 563 2322 Cusianes,
585 2241 756 2312 Curiones.
784 2243 823 2308 cf.
845 2245 897 2309 Fr.
919 2244 983 2308 Νο.
1005 2250 1034 2312 8.

406 2352 547 2426 Cereale,
569 2347 693 2415 cocul0.
715 2345 791 2410 ibid.

403 2455 581 2528 Deliberat,
604 2448 836 2514 discinduntur.
859 2449 901 2513 cf.
923 2449 976 2514 Fr.
999 2448 1062 2513 No.
1084 2456 1113 2515 9.

402 2559 468 2621 Deo
490 2559 613 2631 Divum,
634 2551 711 2616 Jeni
732 2550 916 2639 appellatio.
939 2551 978 2616 cf.
1000 2552 1055 2616 Fr.
1076 2552 1140 2617 No.
1163 2559 1190 2618 7.

402 2662 526 2735 Dirum,
549 2655 695 2722 deorum.
722 2654 800 2718 ibid.
977 2721 980 2725 ,

403 2766 545 2838 Duonus,
567 2760 683 2823 bonus.
706 2757 747 2822 cf.
769 2758 821 2822 Fr.
843 2756 907 2821 Nu.
929 2763 958 2824 8.

403 2870 526 2941 Durus,
548 2859 625 2926 ibid.

403 2973 496 3045 Dori,
518 2964 596 3029 dari.
620 2962 661 3026 cf.
683 2963 737 3027 Fr.
759 2962 822 3026 No.
845 2969 874 3028 8.

403 3075 527 3156 Empta,
549 3066 740 3152 ablegmina.
763 3066 802 3129 cf.
824 3065 879 3134 Fr.
901 3064 963 3128 No.
987 3071 1014 3131 7.

403 3177 479 3249 Esd,
501 3171 621 3235 cibum.
643 3167 682 3232 cf.
705 3168 757 3232 Fr.
779 3167 842 3232 No.
865 3174 894 3234 8.

404 3279 493 3353 Eum,
521 3273 599 3337 ibid.
1361 3345 1363 3356 Ι

404 3383 578 3444 Exanclure
602 3374 731 3460 Quinct.
755 3376 830 3438 lnst.
855 3372 947 3437 Orat.
963 3373 987 3449 l,
1009 3378 1037 3448 6,
1050 3377 1099 3437 40.
1122 3372 1376 3443 clPaull.Diac.

322 3507 354 3570 p.
377 3489 435 3548 80:
469 3484 675 3555 »Euanclore,
698 3476 900 3556 exhaurire,«
929 3499 1011 3563 quae
1033 3474 1167 3562 quidem
1189 3478 1377 3564 significatio

323 3585 493 3674 quomodo
515 3583 555 3648 ab
578 3586 740 3646 anculandi
758 3581 860 3645 verbo
885 3589 985 3645 tracta
1013 3577 1065 3659 sit,
1093 3581 1158 3660 jam
1180 3604 1276 3669 supra
1298 3582 1379 3648 vidi-

323 3713 396 3754 mus
417 3715 447 3753 v.
470 3694 599 3755 anelare.

405 3795 563 3856 „Futuras
585 3790 789 3866 exinteratas,
821 3787 886 3850 sive
908 3791 1053 3865 amburere,
1086 3809 1168 3873 quae
1191 3793 1377 3870 extiterunt,

235 3937 237 3941 -
323 3895 414 3984 quasi
436 3906 578 3982 epotae.“
617 3891 717 3956 Paull.
729 3916 761 3978 p.
785 3897 833 3955 79.
856 3889 968 3955 Muell.
989 3900 1076 3953 recte
1098 3889 1231 3978 quidem
1254 3891 1378 3958 derivat

323 4023 341 4063 a
364 4003 436 4075 dua,
468 4019 646 4084 puerorum
673 3995 822 4083 potione,
855 4005 887 4056 at
907 3993 1071 4057 immerito
1094 3993 1196 4058 Paulli
1222 3995 1378 4084 ineptiam

265 4177 267 4181 Ι
324 4099 566 4188 reprehendens
589 4122 649 4186 pro
673 4124 749 4184 quae
770 4096 919 4184 intelligit
939 4123 1015 4182 quas
1031 4097 1117 4160 etsie
1132 4097 1377 4186 interpretatur:

325 4210 474 4271 >suburae
502 4203 688 4287 (feminae)
717 4225 793 4288 quas
819 4200 958 4265 infantes
985 4205 1159 4265 exhiberent
1180 4202 1218 4280 (i.
1241 4227 1267 4267 e.
1289 4203 1378 4269 lace

324 4307 523 4389 mammis).«
585 4307 673 4372 Nam
705 4320 812 4392 epotas
849 4304 953 4370 activo
985 4327 1082 4370 sensu
1114 4303 1270 4393 significat
1300 4332 1378 4392 quae
