3400 5042
829 508 874 580 17

322 709 379 751 eos
400 687 564 764 convenit,
586 686 654 750 aliis
678 685 818 763 Herculi,
839 684 907 748 aliis
920 684 1017 748 Marti
1039 683 1117 747 istos
1134 684 1377 771 assignantibus.

323 790 451 875 Quibus
473 790 638 853 sententiis
671 790 748 877 quid
782 789 883 852 subsit
909 789 992 865 veri,
1022 787 1210 874 investigata
1244 789 1378 867 ratione,

323 917 385 980 qua
419 905 450 956 et
482 917 557 956 curn
591 893 910 979 Etruscis-Pelasgis
943 903 975 956 et
1007 915 1081 955 cum
1103 892 1209 956 Marte
1242 891 1379 979 aliisque

321 997 433 1083 priscis
457 998 613 1060 ltalorum
636 996 843 1082 religionibus
868 995 1015 1059 Herculis
1047 1018 1171 1059 nomen
1202 993 1378 1059 cohaerere

323 1100 477 1178 videatur,
500 1100 571 1163 lore
596 1111 629 1162 ut
651 1100 788 1162 inveniri
811 1099 915 1185 possit
935 1122 1112 1184 speramus.

410 1204 562 1266 Humano
598 1202 693 1288 igitur
720 1205 874 1288 sanguine
904 1203 1027 1266 ltalicas
1054 1213 1164 1288 gentes
1191 1199 1270 1266 deos
1298 1201 1379 1267 olim

323 1329 397 1369 suos
417 1306 562 1392 placasse
585 1329 659 1369 cum
682 1305 878 1392 scriptorum
908 1304 985 1369 locis
1008 1316 1147 1382 constat,
1179 1315 1249 1370 tum
1272 1304 1378 1369 cultus

321 1407 458 1472 deorum
482 1410 706 1472 Romanorum
729 1409 932 1472 caerimoniis
947 1407 1125 1495 ritibusque
1136 1406 1379 1496 comprobatur.

322 1511 474 1598 Namque
497 1505 622 1576 Etrusci
649 1536 710 1598 pro
739 1511 818 1576 tristi
846 1510 901 1575 illo
924 1523 1020 1599 atque
1048 1511 1211 1575 umbratili
1232 1523 1380 1575 contem-

322 1614 433 1700 plandi
457 1637 553 1677 sensu
575 1615 864 1693 irarninferorum,
887 1614 1127 1692 Novensilium,
1150 1613 1377 1678 lnvolutorum

324 1718 461 1793 deorum
484 1719 548 1780 suis
571 1719 728 1804 capitibus
750 1741 880 1804 semper
902 1718 1129 1781 imminentem
1148 1717 1237 1780 omni
1248 1717 1377 1803 piaculo

322 1820 514 1908 placandam
537 1821 693 1897 arbitrati,
726 1833 882 1908 quantum
906 1820 1110 1906 profuderint
1135 1820 1297 1906 sanguinis
1317 1818 1379 1884 hu-

324 1923 426 2001 mani,
448 1923 522 1987 inde
546 1922 720 2010 colligitur,
742 1923 830 2010 quod
854 1923 1096 2010 Tarquiniensis
1119 1921 1293 2010 aliquando
1314 1934 1378 1987 tre·

323 2039 434 2090 centos
457 2040 582 2112 septem
606 2029 773 2090 llomanos
791 2038 902 2112 captos
915 2049 977 2089 una
990 2025 1050 2088 diis
1067 2027 1132 2090 suis
1144 2037 1325 2089 mactarunt
1336 2027 1377 2099 ⁸).

323 2131 406 2193 ltem
430 2130 540 2194 Sabini
563 2129 606 2216 pii
630 2153 666 2193 ac
688 2129 831 2192 bellicosi
856 2130 953 2192 Marti
968 2127 1123 2212 Quirino,
1145 2128 1244 2218 quem
1265 2128 1377 2195 hastae

324 2233 356 2295 in
378 2245 498 2296 terram
521 2231 643 2295 defixae
666 2231 772 2318 effigie
795 2232 841 2295 usi
865 2232 1057 2308 adorabant,
1090 2255 1148 2296 ver
1169 2255 1298 2298 sacrum
1320 2257 1377 2321 pe·

323 2335 430 2399 riculis
454 2334 641 2420 urgentibus
663 2347 818 2398 voventes
841 2335 926 2398 inter
948 2336 1379 2424 ceterasproximesequen·

322 2438 361 2501 tis
388 2437 470 2501 veris
497 2438 653 2525 primitias
689 2438 785 2501 etiarn
816 2460 936 2523 pueros
968 2436 1156 2523 puellasque
1188 2439 1377 2504 innocentes

323 2564 511 2604 consecrare
545 2542 692 2605 solebant
724 2541 765 2626 ⁴).
829 2541 932 2604 Simili
967 2541 1092 2604 ratione
1126 2541 1276 2623 Faleriis,
1319 2543 1375 2607 ubi

323 2645 438 2708 mixtas
466 2643 565 2708 luisse
588 2645 784 2708 Sabinorum
813 2643 986 2730 religiones
1014 2667 1089 2708 curn
1112 2645 1256 2710 Etruscis
1288 2644 1376 2710 haud

324 2748 459 2811 obscura
482 2759 557 2811 sunt
577 2747 719 2833 vestigia,
762 2747 903 2808 Junonis
918 2747 1054 2830 Quiritis
1077 2747 1292 2813 inhonorem
1313 2750 1378 2813 vir·

322 2850 412 2936 gines
434 2850 734 2928 immolabantur⁶),
756 2850 844 2929 cujus
867 2850 967 2913 moris
989 2849 1098 2914 nescio
1121 2873 1161 2915 an
1183 2852 1216 2916 id
1238 2853 1378 2940 reperia-

322 2964 376 3015 tur
408 2955 493 3039 apud
518 2954 687 3017 Romanos
721 2952 891 3038 vestigium
923 2953 1021 3016 etiam
1052 2953 1233 3040 posteriore
1265 2967 1377 3036 aetate,

324 3056 412 3142 quod
434 3055 467 3118 in
489 3057 607 3143 nuptiis
629 3078 823 3143 sponsarum
846 3057 949 3119 crines
970 3055 1060 3120 hasta
1081 3057 1304 3143 pectebantur.
1369 3047 1384 3096 ³¹

406 3159 498 3222 ldem
522 3160 562 3223 de
586 3159 706 3222 Latinis
728 3181 859 3246 quoque
881 3157 986 3222 valere
1013 3183 1052 3223 eo
1081 3161 1255 3245 probatur,
1287 3160 1377 3247 quod

324 3261 446 3325 Dianae
479 3262 653 3326 delubrum
687 3285 863 3326 commune
901 3260 980 3325 illud
1003 3260 1191 3325 Latinarum
1222 3264 1377 3350 gentium,

322 3362 410 3428 haud
433 3364 546 3451 procul
570 3365 669 3429 alacu
683 3364 810 3429 Albano
823 3368 929 3442 situm,
950 3365 1096 3429 humano
1118 3365 1199 3429 olim
1220 3367 1376 3453 sanguine

325 3467 486 3532 maduisse
508 3467 644 3533 traditur
666 3474 701 3548 6).

366 3671 392 3744 ⁸)
427 3675 517 3729 Livius
537 3672 595 3737 Vll,
615 3676 655 3729 15.
708 3675 740 3730 cf.
759 3675 894 3729 Kreutzer
912 3673 1234 3750 symbolik11,p.441;
1285 3676 1321 3731 K.
1340 3676 1376 3732 0.

425 3763 551 3819 Mueller.
568 3764 672 3818 Etrusc.
692 3763 732 3827 ll,
749 3783 776 3835 p.
795 3762 854 3816 108.

365 3850 390 3922 ⁴)
425 3852 498 3907 Fest.
516 3874 563 3906 ver
581 3873 681 3907 sacrum
698 3872 723 3924 p.
741 3851 800 3915 379,
836 3851 895 3904 Liv.
913 3851 1000 3918 XXH,
1018 3850 1044 3904 9.
1079 3851 1205 3916 XXXIV,
1222 3853 1265 3907 44.

366 3937 391 4009 ‘)
427 3941 496 3995 Plut.
517 3941 626 4011 Quaest.
643 3942 720 3995 Rom.
746 3961 771 4013 p.
789 3941 857 4005 sls;
900 3940 934 3993 de
961 3939 1041 3995 saeris
1058 3939 1175 3995 Junonis
1194 3940 1307 4011 Quiritis
1324 3943 1376 3998 Fa-

424 4030 504 4084 liscaa
522 4029 665 4102 disputavit
683 4031 717 4083 K.
737 4029 773 4085 Ο.
793 4029 888 4084 Muell.
905 4028 1009 4082 Etrusc.
1028 4029 1063 4096 ll,
1080 4029 1122 4082 ⁴15.

364 4115 390 4187 ⁶)
426 4118 553 4172 Traditur
571 4120 641 4173 enim
660 4119 737 4172 armis
756 4131 783 4172 et
805 4118 887 4171 caede
903 4116 1087 4172 tantummodo
1105 4117 1281 4173 sacerdotium
1297 4117 1376 4190 hujus

425 4207 491 4262 dena
517 4205 617 4278 acquiri
642 4226 731 4280 posse,
768 4225 847 4277 quum
880 4208 902 4260 is
929 4204 1000 4259 solus
1025 4225 1126 4273 servus,
1151 4204 1196 4278 qui
1212 4207 1376 4263 sacerdotem

424 4295 527 4351 Dianas
542 4293 727 4360 Nemorensis,
743 4313 832 4366 regem
841 4294 1036 4348 Nemorensam
1052 4305 1191 4361 vocatum,
1208 4294 1280 4350 serto
1296 4294 1378 4351 truci·
