3400 5042
422 674 533 743 futura
554 672 690 741 vocibus
711 694 945 762 praemonere,
966 673 1069 740 modo
1090 671 1287 759 aegrotantia
1308 670 1481 741 bominum

424 799 563 866 corpora
592 775 711 841 salubri
739 798 822 864 aqua
849 800 956 841 mersa
983 800 1105 854 sanare,
1131 797 1370 862 nonnunquam
1391 773 1483 840 fasci·

423 878 609 947 nationibua
638 877 794 965 agricolas
833 889 955 944 terrere
993 902 1030 944 ac
1067 878 1180 943 ludere
1219 876 1370 942 solerent.
1433 879 1481 941 lta

423 1005 530 1070 prope
552 979 677 1046 Cumas
688 980 811 1069 Sibylla
834 981 867 1046 in
892 981 978 1047 foliis
1000 993 1098 1046 vento
1120 979 1259 1062 disjectis
1283 979 1483 1045 disturbatis-

423 1106 488 1172 que
510 1083 647 1150 obscura
669 1083 811 1149 carmina
841 1083 992 1163 scribere,
1021 1095 1053 1150 et
1080 1083 1227 1164 Albunea
1254 1082 1423 1148 Tiburtina
1448 1082 1482 1146 in

422 1185 526 1254 undas
547 1208 650 1276 aquae
671 1185 850 1252 Albuneae:
873 1209 977 1276 »quae
999 1186 1140 1253 maxime
1163 1209 1254 1251 sacro

505 1289 609 1356 Fonte
641 1300 736 1355 sonat
770 1311 965 1378 saevamque
993 1288 1121 1357 exhalat
1157 1311 1258 1378 opaca
1285 1286 1478 1376 mephitim«

422 1403 526 1459 sortes
548 1413 700 1479 spargere
722 1391 912 1481 putabatur,
933 1392 979 1457 sic
1005 1392 1047 1458 ab
1070 1390 1225 1478 Anguitia
1252 1390 1393 1479 quadam
1420 1390 1480 1456 dea

421 1495 463 1561 ad
484 1494 590 1565 lacuna
612 1495 771 1560 Pucinum
793 1493 925 1560 adorata
948 1494 1048 1560 Marsi
1061 1493 1220 1580 magicam
1242 1517 1333 1558 suam
1350 1516 1481 1580 serpen·

422 1598 505 1664 tium
531 1597 733 1684 disciplinam
760 1597 960 1683 repetebant,
988 1597 1034 1662 sic
1060 1599 1199 1685 denique
1226 1599 1347 1673 Fauna,
1370 1598 1481 1674 Fatua,

423 1701 572 1767 Saturnia
605 1701 733 1764 sonanti
764 1724 845 1764 voce
873 1701 1084 1788 versibusque
1116 1701 1274 1768 Saturniis
1302 1699 1362 1763 fari
1384 1711 1480 1786 atque

424 1826 539 1870 canere
555 1804 665 1868 'futura
683 1803 875 1868 dicebantur
889 1809 930 1882 ¹).
951 1805 1073 1869 Similia
1085 1828 1163 1868 vero
1185 1809 1320 1869 carntina
1342 1807 1480 1867 Carmen-

423 1923 487 1973 tem
506 1906 699 1995 fatiloquam
726 1907 814 1992 apud
841 1906 967 1971 Italicas
992 1920 1105 1993 gentes
1134 1907 1300 1995 quondam
1322 1907 1479 1972 feminam

421 2009 568 2088 edidisse,
596 2021 628 2075 ct
659 2032 766 2074 sacrae
794 2009 924 2074 fabulae
951 2009 1083 2088 babent,
1108 2023 1141 2074 et
1167 2010 1303 2075 verbum
1332 2011 1438 2096 ipsum
1460 2035 1478 2074 a

421 2119 549 2179 connire
571 2111 798 2177 deducendum
821 2112 929 2190 docet;
951 2114 1133 2202 quecquid
1155 2114 1195 2178 sit
1216 2113 1304 2203 quod
1326 2113 1423 2178 etiam
1445 2113 1479 2176 in

420 2228 517 2304 partu
538 2215 735 2280 feminarum
761 2238 917 2303 praeseus
943 2240 1011 2280 esse
1033 2227 1066 2281 et
1093 2239 1192 2302 opem
1214 2216 1299 2280 ferre
1321 2215 1478 2294 credatur,

419 2320 466 2386 nei
487 2331 601 2387 natura
622 2318 823 2385 considerata
845 2317 934 2385 baud
955 2319 1085 2385 difficile
1105 2318 1310 2407 perspicitur.

501 2422 590 2488 Nam
617 2445 720 2510 quum
747 2422 966 2509 superstitiosa
995 2422 1118 2510 religio
1135 2434 1250 2487 natura
1277 2433 1359 2486 esset
1385 2421 1477 2486 insita

420 2525 454 2591 in
483 2525 599 2592 animis
624 2525 809 2590 Italicarum
835 2526 992 2611 gentium,
1019 2538 1055 2590 ut
1080 2525 1388 2602 effascinationibus,
1410 2549 1478 2590 car-

418 2627 563 2695 minibus
584 2627 923 2717 incantationibusque
944 2630 1092 2716 magicis,
1124 2629 1192 2694 aliis
1219 2629 1396 2692 innumeris
1428 2653 1477 2692 re·

419 2730 481 2798 bus
502 2730 569 2795 vim
580 2742 739 2797 secretam
756 2754 792 2796 ac
809 2732 1026 2820 perniciosam
1037 2734 1168 2798 subesse
1185 2731 1362 2811 crederent,
1382 2745 1476 2819 partu

419 2833 594 2922 praecipue
626 2832 801 2898 hominum
834 2847 1084 2923 ceterorumque
1117 2834 1306 2899 animalium
1339 2836 1477 2914 ostendi,

423 2937 611 3016 monstrari,
631 2937 783 3024 portendi
805 2939 964 3025 putabant
984 2942 1024 3018 ²).
1064 2938 1177 3023 Quum
1199 2961 1335 3024 prorsus
1357 2961 1474 3025 magna

420 3063 517 3127 saepe
539 3040 638 3106 fuisse
660 3039 694 3103 in
722 3038 811 3104 ltalia
837 3040 1012 3105 multitudo
1041 3041 1238 3105 feminarum
1260 3041 1474 3106 veridicarum

418 3142 565 3208 tradatur
585 3148 620 3223 ³),
643 3164 725 3230 quae
746 3165 807 3229 per
824 3141 972 3208 furorem
991 3141 1140 3208 divinitus
1156 3145 1309 3208 excitatae
1325 3157 1472 3231 tempora

418 3244 517 3325 bello,
537 3245 696 3334 pestibus,
719 3244 816 3324 fame,
838 3248 1105 3312 terraemotibus
1127 3259 1194 3311 atra
1216 3247 1474 3323 vaticinarentur,

418 3347 489 3414 fieri
511 3371 579 3413 non
599 3351 713 3436 potuit,
736 3348 815 3436 quin
843 3350 882 3414 ad
905 3362 1016 3437 partus
1038 3351 1183 3416 edendos
1204 3374 1352 3438 sagarum
1374 3354 1473 3437 magi-

419 3450 463 3515 cis
483 3451 730 3540 furibundisque
752 3453 949 3519 carminibus
969 3475 1123 3541 magnam
1150 3457 1302 3523 homines
1323 3456 1474 3542 supersti-

416 3553 498 3632 tiosi,
524 3565 561 3618 ut
586 3555 674 3643 apud
699 3579 760 3621 nos
789 3580 920 3646 quoque
948 3557 1098 3638 creditur,
1125 3559 1191 3624 vim
1214 3561 1317 3624 inesse
1339 3558 1471 3623 arbitra·

417 3720 628 3735 h—

466 3842 490 3912 ¹)
515 3844 560 3899 De
580 3843 699 3900 Cumana
725 3845 832 3918 Sibylla
857 3869 883 3901 v.
909 3845 978 3903 Aen.
1005 3848 1078 3920 Virg.
1104 3850 1151 3914 lll,
1176 3849 1236 3936 441,
1263 3851 1296 3905 de
1327 3850 1467 3906 Albunea:

518 3930 585 3987 Aen.
596 3931 663 4002 Vll,
681 3936 727 3994 52.
745 3948 772 3990 et
781 3935 882 3989 Tibull.
901 3937 934 3989 ll.
944 3938 970 4000 5,
980 3935 1021 3990 69.
1039 3938 1082 3992 De
1092 3938 1133 3992 bis
1144 3951 1170 3994 et
1178 3939 1273 3994 ceteris
1284 3940 1413 4009 ejusmodi
1424 3961 1470 3994 nn·

517 4020 631 4076 minibus
648 4024 683 4078 cl'.
701 4023 832 4096 Hertung.
851 4025 910 4079 Rel.
933 4028 1011 4080 Rom.
1030 4025 1121 4080 ludex.

465 4107 491 4178 ²)
514 4109 629 4181 Dionys.
647 4111 679 4165 Α.
698 4113 730 4166 R.
749 4112 810 4179 Vll,
827 4113 871 4168 68.
897 4115 954 4170 Liv.
979 4115 1117 4181 ΧΧΧἮΙ,
1134 4117 1159 4170 3.
1187 4115 1257 4171 Plin.
1279 4119 1316 4172 H.
1340 4119 1373 4172 Ν.
1396 4119 1470 4185 Vnt,

515 4199 557 4253 44.
575 4200 679 4256 Sueton
698 4200 777 4255 Galb.
795 4221 818 4255 c.
836 4203 861 4256 4.
1270 4208 1272 4211 ’

433 4352 436 4357 ,
464 4285 490 4357 ⁸)
515 4288 598 4346 Dion.
617 4290 648 4344 Α.
666 4290 698 4345 R.
716 4287 779 4356 Vll,
796 4288 837 4344 68.
