3400 5042
834 547 908 621 114

341 725 504 804 majores?
536 722 625 808 Quid
648 729 773 809 porro?
806 727 839 790 Si
863 749 974 790 revera
1002 724 1111 788 floruit
1133 725 1300 811 quondam
1322 724 1404 790 haec

340 825 448 913 poesis
460 826 545 911 apud
558 826 680 910 priscos
693 827 869 904 Romanos,
887 851 996 891 nonne
1014 827 1187 890 mirificum
1201 840 1257 903 est,
1274 851 1404 892 morem

338 939 408 992 tam
428 927 607 1009 jucundum
630 928 670 990 ad
693 931 820 994 animos
842 930 1035 994 relevandos
1062 930 1269 1016 publicorum
1298 931 1405 1016 priva·

339 1041 516 1118 torumque
546 1029 730 1094 officiorum
759 1032 939 1109 laboribus,
971 1045 1037 1095 tam
1066 1032 1178 1094 utilem
1206 1032 1403 1118 reipublicae

340 1134 472 1220 ejusque
495 1133 675 1197 rationibus
698 1135 959 1212 convenientem,
975 1135 1033 1197 tu
1047 1134 1181 1220 periisse
1204 1133 1289 1219 apud
1307 1135 1403 1211 cives,

339 1245 376 1298 ut
397 1235 449 1298 vix
470 1235 654 1321 peritissimi
677 1237 873 1322 antiquitatis
895 1236 1080 1322 cognitores
1106 1247 1197 1298 sexto
1226 1235 1313 1298 urbis
1335 1257 1403 1297 sae-

340 1337 413 1401 culo
450 1337 580 1420 vestigia
620 1340 688 1416 ejus
725 1339 869 1426 reperire
907 1341 1059 1424 possent?
1122 1336 1233 1422 Quam
1266 1336 1400 1422 quidem

339 1437 565 1526 quaestionem
588 1438 754 1504 difficilem
778 1463 855 1504 sane
878 1464 895 1504 a
918 1441 1049 1503 nemine
1071 1461 1197 1516 eorum,
1218 1439 1272 1524 qui
1295 1439 1335 1500 de
1350 1435 1402 1500 his

339 1540 538 1605 carminibus
561 1554 709 1627 egerunt,
732 1543 872 1606 solutam
894 1541 1036 1605 invenio.

420 1641 568 1706 Primum
591 1644 738 1730 quamvis
760 1667 827 1708 non
854 1655 998 1718 servatae
1025 1642 1089 1706 sint
1116 1646 1298 1706 carminum
1324 1664 1403 1706 con·

338 1743 492 1808 rivalium
515 1745 684 1832 reliquiae,
718 1747 749 1808 id
772 1758 858 1810 certe
881 1758 1030 1810 constare
1051 1745 1193 1821 videtur,
1225 1746 1290 1823 jam
1314 1755 1403 1806 vetu-

338 1846 483 1910 stissimis
494 1847 690 1933 reipublicae
707 1848 913 1934 temporibus
929 1847 1013 1910 hanc
1025 1847 1121 1909 luisse
1134 1846 1219 1932 apud
1235 1847 1402 1908 Romanos

338 1947 474 2012 canendi
498 1949 779 2026 consuetudinem.
817 1950 903 2013 Nam
926 1961 958 2012 et
981 1947 1099 2012 Cicero
1122 1949 1161 2011 ad
1187 1947 1329 2010 Numam
1353 1971 1401 2010 re-

338 2068 413 2139 gem
443 2051 510 2130 ejus
537 2051 696 2136 originem
723 2074 786 2114 una
813 2074 888 2113 cum
911 2051 1076 2114 Saliorum
1104 2049 1249 2113 versibus
1277 2050 1400 2113 relerre

281 2192 289 2203 ·
337 2150 466 2215 videtur
487 2149 537 2214 his
559 2153 712 2230 verbis⁷):
746 2175 832 2216 »non
857 2153 1001 2238 neglecta
1024 2154 1070 2214 vis
1091 2173 1210 2214 vocum
1234 2163 1266 2214 et
1287 2172 1402 2213 nume-

336 2275 467 2328 rorum,
490 2266 524 2316 ut
545 2254 625 2317 mihi
649 2255 790 2332 videtur,
816 2279 832 2317 a
857 2256 965 2318 Numa
988 2277 1061 2338 rege
1085 2255 1273 2316 doctissimo
1297 2254 1400 2332 majo-

336 2355 499 2442 ribusque·
514 2358 647 2432 nostris,
673 2367 709 2419 ut
731 2356 901 2444 epularum
924 2357 1122 2420 solemnium
1142 2353 1223 2418 fides
1246 2378 1282 2418 ac
1303 2356 1400 2418 tibiae

338 2457 568 2543 Saliorumque
601 2481 712 2522 versus
743 2459 918 2535 indicant·,“
959 2469 990 2521 et
1019 2457 1260 2541 Quinctilianus
1293 2456 1399 2518 simile

338 2558 496 2623 indicasse
523 2557 574 2622 his
601 2560 708 2622 verbis
741 2559 926 2638 videtur⁸):
966 2560 1052 2623 „sed
1085 2572 1234 2622 veterum
1267 2580 1400 2644 quoque

337 2663 568 2725 Romanorum
597 2661 699 2748 epulis
727 2659 807 2724 fides
835 2685 873 2725 ac
898 2662 991 2725 tibias
1018 2660 1173 2724 adbibere
1202 2663 1303 2723 moris
1330 2660 1399 2723 luit.

336 2763 460 2828 Versus
489 2784 621 2850 quoque
648 2764 812 2827 Saliorum
842 2763 965 2827 habent
992 2787 1133 2827 carmen.
1179 2763 1273 2847 Quae
1296 2784 1399 2848 quum

286 2898 288 2905 ‚
337 2865 448 2931 omnia
475 2867 539 2929 sint
560 2889 576 2928 a
601 2865 707 2928 Numa
735 2887 811 2951 rege
839 2865 997 2940 instituta,
1030 2864 1152 2927 faciunt
1180 2863 1398 2940 rrranilestum,

335 2991 378 3033 ne
399 2968 460 3032 illis
488 2966 638 3054 quidem,
669 2966 723 3052 qui
746 2967 842 3030 rudes
864 2991 901 3030 ac
922 2967 1066 3030 bellicosi
1089 2967 1254 3044 videntur,
1286 2987 1398 3029 curam

336 3071 485 3146 musices,
507 3080 665 3156 quantum
688 3069 739 3133 ills
763 3080 849 3132 aetas
870 3069 1055 3154 recipiebat,
1077 3067 1249 3132 defuisse«
1271 3069 1398 3131 Revera

336 3184 446 3236 autem
474 3170 538 3233 hoc
569 3170 720 3256 sapientis
753 3171 942 3256 legislatoris
976 3169 1090 3246 luisse,
1127 3171 1181 3255 qui
1208 3181 1240 3232 et
1266 3180 1398 3253 gentem
1491 3195 1493 3200 ·

334 3273 423 3362 pacis
444 3272 566 3337 artibus
588 3274 734 3357 mitigare
756 3283 788 3334 et
809 3271 1005 3358 reipublicae
1027 3272 1216 3335 utilitatibus
1227 3271 1399 3335 consulere

334 3376 490 3454 voluerit,
528 3397 567 3438 eo
593 3373 718 3438 facilius
741 3375 953 3450 concedetur,
984 3373 1073 3461 quod
1096 3374 1193 3437 etiam
1222 3373 1397 3437 duodecim

334 3479 464 3545 tabulae
486 3478 592 3563 legem
614 3475 800 3541 habuerunt
821 3475 862 3540 de
883 3476 1034 3540 laudibus
1059 3476 1223 3540 clarorum
1252 3476 1396 3538 virorum

335 3579 549 3647 celebrandis.

419 3683 515 3768 Quae
541 3702 619 3744 vero
648 3679 744 3744 luerit
771 3679 879 3745 forma
907 3703 944 3743 ac
972 3680 1154 3768 proprietas
1181 3677 1303 3743 horum
1330 3703 1398 3743 car·

333 3783 479 3862 minum,
510 3782 566 3846 ubi
594 3782 781 3869 perspicere
809 3783 975 3858 volumus,
1007 3780 1228 3868 indagandum
1256 3782 1331 3857 erit,
1364 3790 1398 3844 et

334 3884 482 3975 qualibus
503 3885 537 3949 in
559 3883 662 3970 epulis
684 3896 717 3948 et
738 3884 910 3973 quomodo
932 3895 1057 3948 cantata
1079 3883 1155 3960 sint;
1177 3905 1240 3969 qua
1262 3881 1396 3970 quidem

394 4207 419 4274 ⁷)
438 4209 493 4266 Cic.
512 4209 633 4266 dsOrst.
650 4210 699 4276 Ill,
716 4209 759 4265 51.

391 4307 419 4384 ⁰)
438 4311 549 4384 Quinct-
566 4310 632 4368 lnst.
652 4310 728 4366 Orat.
746 4309 767 4375 Ι,
786 4309 828 4378 10,
846 4309 889 4363 20.
