3400 5042
807 532 881 606 178

313 708 379 772 odii
402 706 535 771 stimuli:
568 728 650 792 quae
679 707 786 769 omnia
809 707 993 792 conspicuis
1021 708 1265 797 splendidisque
1287 712 1380 775 colo-

312 811 402 874 ribus
423 810 463 873 ab
486 809 556 895 ipso
579 807 759 870 Niebuhrio
782 809 907 894 depicta
930 814 1048 890 sunt‘).

398 914 494 987 Tum,
516 932 617 996 quum
640 908 756 972 harum
779 911 983 975 miseriarum
1006 912 1313 1000 dissensionumque
1336 915 1379 978 ci·

312 1014 426 1078 vilium
448 1011 579 1077 tandem
601 1011 688 1096 leges
711 1011 862 1091 Liciniae,
886 1013 1051 1090 l'ubliliae,
1075 1015 1246 1092 t’oesetne,
1270 1015 1377 1101 Ogul-

312 1118 384 1180 niae
406 1115 601 1179 medicinam
625 1113 816 1192 attulissent,
844 1114 931 1177 idem
955 1115 1154 1179 Niebubrius
1176 1117 1375 1203 persuadere

312 1219 407 1282 nobis
429 1217 539 1292 voluit,
560 1215 621 1278 hac
643 1237 726 1301 quae
749 1228 857 1279 secuta
879 1217 918 1279 sit
943 1218 1036 1280 beata
1060 1218 1211 1282 nascendi
1235 1225 1375 1298 aetate‘)

312 1320 430 1407 plebeji
451 1318 569 1405 ingenii
591 1328 704 1404 poetas
726 1318 886 1404 quosdam
910 1320 1029 1382 omissa
1041 1318 1137 1399 hujus
1149 1308 1375 1406 amplitudine,

312 1445 426 1508 regum
455 1419 732 1508 patriciorumque
764 1421 936 1506 praeterita
964 1432 1113 1508 tempora
1147 1423 1374 1508 praesentibus

312 1545 520 1611 nequaquam
542 1521 631 1607 paria
654 1520 752 1606 epicis
774 1521 955 1585 celebrasse
978 1523 1183 1587 carminibus.
1227 1527 1271 1587 At
1291 1524 1376 1587 sicut

313 1624 436 1705 iuvenis
458 1623 581 1708 magnis
603 1625 635 1686 in
657 1624 754 1686 rebus
782 1623 885 1685 multo
914 1627 1038 1704 majore
1066 1627 1161 1688 etiam
1189 1625 1373 1689 suturarum

313 1749 369 1812 spe
392 1750 429 1789 ac
451 1724 557 1788 studio
581 1736 756 1809 occupatus
779 1748 845 1787 non
869 1737 917 1787 est
939 1724 1090 1788 infantiae
1110 1748 1186 1789 suae
1205 1727 1374 1813 exactique

313 1827 471 1914 temporis
494 1827 608 1910 longus
629 1825 792 1901 laudator,
825 1827 866 1888 ita
889 1825 1023 1889 minime
1049 1839 1302 1892 consentaneum
1327 1840 1376 1892 est

314 1931 483 1992 Romanos
506 1927 662 1990 acerrime
689 1927 891 1990 decertantes
918 1953 993 1992 cum
1020 1929 1208 1993 fortissimis
1235 1929 1375 1994 nationi-

313 2031 374 2094 bus
397 2029 438 2092 de
463 2028 569 2092 ltaliae
591 2029 822 2103 dominatione,
849 2028 882 2092 in
906 2052 1049 2094 summas
1071 2054 1122 2095 res
1141 2032 1290 2109 intentos,
1313 2033 1375 2095 mi·

313 2132 457 2195 nutiores
480 2131 640 2210 majorum
664 2131 807 2193 carmine
829 2146 1017 2218 persecutos
1035 2155 1114 2196 esse.
1148 2133 1237 2217 Quid
1254 2137 1376 2220 porro?

315 2234 429 2318 Quum
467 2229 697 2319 antiquissimis
734 2232 939 2318 temporibus
971 2257 988 2297 a
1021 2235 1161 2320 patriciis
1197 2235 1374 2299 clarissima

314 2357 461 2422 quaeque
495 2345 580 2418 gesta
611 2355 680 2396 esse
713 2356 774 2419 pro
803 2334 906 2420 patria
937 2335 986 2398 vel
1015 2359 1053 2399 ex
1081 2337 1117 2399 iis
1146 2336 1224 2423 ipsis
1250 2337 1376 2401 eluceat

314 2435 562 2510 narrationibus,
585 2456 668 2520 quae
691 2435 925 2499 ecarminibus
947 2437 1073 2522 plebeia
1096 2438 1262 2502 voluntate
1284 2461 1375 2502 com-

313 2538 426 2624 positis
438 2535 636 2599 redundasse
648 2535 808 2612 dicuntur,
831 2535 908 2623 quid
922 2537 1052 2602 tandem
1064 2538 1233 2625 impellere
1244 2550 1375 2626 poterat

314 2638 461 2726 plebeios
483 2648 612 2724 poetas,
634 2649 669 2700 ut
691 2659 708 2700 a
730 2637 865 2723 plebeiis
887 2662 1019 2727 quoque
1041 2640 1197 2704 nonnulla
1219 2639 1306 2704 haud
1330 2642 1374 2706 ita

314 2740 451 2803 obscure
473 2739 556 2802 sacta
580 2751 815 2816 memorarent,
837 2761 920 2826 quae
941 2752 1050 2805 tamen
1073 2742 1284 2829 patriciorum
1305 2765 1376 2806 me·

314 2843 382 2905 ritis
418 2841 522 2904 multo
560 2844 810 2925 superarentur?
871 2842 1002 2926 Quanta
1037 2866 1113 2906 vero
1146 2843 1228 2907 haec
1259 2845 1374 2908 merita

314 2943 410 3006 fuisse
433 2942 590 3018 crederes,
613 2942 653 3004 de
676 2942 793 3028 quibus
815 2944 880 3022 jam
903 2943 1161 3008 adversariorum
1174 2945 1374 3009 carminibus

314 3044 383 3108 lieri
402 3067 466 3107 non
480 3056 599 3130 posset,
617 3044 694 3131 quin
713 3042 914 3130 aliquantum
927 3045 1108 3109 detractum
1125 3058 1217 3110 esset.
1252 3047 1373 3112 Nonne

314 3146 434 3209 horum
458 3146 733 3232 contemplatione
755 3145 871 3231 ingrati
894 3147 993 3210 animi
1015 3148 1148 3212 crimine
1165 3173 1199 3212 se
1215 3149 1373 3237 obstringi

315 3247 433 3312 sentire
455 3248 548 3335 plebs
571 3248 724 3324 debebat,
757 3247 846 3334 quod
875 3259 1040 3312 tantorum
1067 3251 1212 3314 virorum
1235 3253 1374 3338 posteris

315 3374 378 3414 una
414 3373 488 3414 cum
521 3348 696 3435 privilegiis
730 3349 828 3412 etiam
862 3350 1006 3414 fructum
1043 3351 1212 3438 eripuisset
1247 3353 1373 3418 virtutis

314 3456 462 3537 patrum?
484 3452 652 3515 Praeterea
675 3450 765 3514 omni
788 3450 950 3537 diligentia
972 3452 1122 3516 homines
1134 3455 1211 3518 novi
1222 3468 1375 3522 caverent

313 3576 443 3617 necesse
466 3565 542 3630 erat,
568 3577 609 3616 ne
630 3552 783 3638 patriciae
805 3553 1037 3640 amplitudinis,
1063 3554 1252 3641 imaginum,
1272 3559 1375 3644 genti·

313 3655 463 3720 liciorum
475 3677 651 3731 sacrorum,
663 3653 790 3740 pristini
801 3655 960 3741 temporis
970 3656 1225 3743 triumphorum,
1238 3681 1376 3747 magno·

313 3781 386 3820 rum
409 3769 495 3820 certe
517 3757 550 3819 in
571 3756 739 3820 consulatu
762 3757 943 3844 ceterisque
964 3758 1201 3843 magistratibus
1222 3762 1374 3848 petendis

313 3859 411 3944 vulgo
434 3859 709 3939 adjumentorum,
731 3857 925 3922 memoriam
949 3870 1004 3923 aut
1024 3859 1223 3925 carminibus
1240 3873 1295 3927 aut
1312 3862 1374 3928 alis

313 3959 438 4024 ratione
460 3971 652 4025 revocarent
674 3969 705 4022 et
726 3957 925 4024 refricarent.
969 3959 1096 4045 Quodsi
1124 3963 1222 4048 epicis
1244 3963 1375 4029 cantile-

312 4110 523 4124 -ψ

369 4194 394 4263 ⁸)
413 4196 492 4252 Nieb.
511 4197 581 4253 Hist.
601 4197 678 4253 Rom.
699 4198 734 4262 ll,
752 4197 813 4262 652,
830 4197 890 4262 663,
908 4197 968 4262 tu,
985 4197 1046 4253 632.

368 4279 394 4350 ⁴)
412 4281 458 4340 ste
476 4284 591 4358 appellat
608 4282 678 4342 lunc
695 4294 808 4341 aetatem
827 4283 906 4341 Nieb.
924 4283 962 4339 H.
982 4284 1014 4340 n.
1034 4283 1082 4350 111,
1099 4304 1125 4359 p.
1144 4284 1201 4340 144.
