3400 5042
827 501 876 577 sl

323 704 440 769 quam:
477 683 587 756 Gerus,
620 685 755 758 creator,
785 686 973 759 genuinam,
1004 677 1140 744 alteram
1162 680 1229 760 ejus
1249 691 1377 768 partem

322 783 517 866 adjectivum
547 805 617 846 esse
645 785 742 846 disum
768 783 810 847 ita
833 795 869 847 ut
895 783 979 849 duae
1005 782 1118 847 Martis
1143 781 1377 869 appellationes

323 889 356 952 in
378 909 480 952 unum
501 884 671 972 epitheton
693 885 926 950 concreverint.
959 887 1095 951 Rectam
1116 908 1185 951 esse
1206 885 1291 951 hanc
1312 900 1380 976 ety-

322 990 510 1076 mologiam,
531 987 676 1074 primum
688 986 831 1053 indicant
847 988 1088 1076 antiquissimae
1098 989 1378 1074 comprecationes

322 1094 543 1169 Umbrorum,
564 1090 741 1168 Saliorum,
767 1089 937 1156 Arvalium
958 1090 1179 1169 sacerdotum,
1204 1091 1238 1155 in
1259 1092 1377 1180 quibus

322 1195 518 1261 creberrime
541 1194 696 1258 babemus
717 1192 797 1258 deos
818 1193 939 1281 duplici
966 1193 1162 1279 cognomine
1183 1217 1247 1259 una
1268 1194 1379 1282 appel-

321 1301 404 1364 latos
426 1297 529 1361 velut:
542 1299 609 1381 fiso
631 1299 1133 1375 ιςωιειὶ,1)ιίιηι1)ειι.ς,Βιαιὶῐιι,
1156 1300 1248 1362 Ceras
1265 1323 1379 1377 manus,

322 1403 380 1468 alia
403 1398 576 1483 ejusmodi,
609 1421 707 1487 quem
730 1421 824 1463 usum
853 1397 929 1462 inde
955 1398 996 1464 ad
1022 1399 1202 1486 posteriora
1228 1411 1378 1488 tempora

321 1505 507 1593 pervenisse
529 1503 697 1566 innumera
720 1501 839 1566 docent
861 1502 1019 1586 exempla.
1059 1501 1186 1566 lteinde
1207 1502 1240 1567 in
1260 1503 1379 1568 tabulis

320 1607 500 1694 Eugubinis
526 1606 646 1668 Jovem
674 1604 862 1668 invocatum
888 1603 1023 1689 legimus
1050 1605 1129 1685 iussi
1149 1606 1304 1691 Krapasei
1321 1630 1379 1672 seu

321 1718 385 1776 iuve
404 1713 542 1790 probavi,
573 1706 628 1770 ubi
649 1718 786 1794 apparet
811 1705 902 1793 prius
929 1706 1066 1769 verbum
1087 1712 1153 1771 sisse
1173 1732 1230 1772 seu
1241 1712 1316 1790 juve
1336 1708 1379 1775 sd

321 1813 484 1902 sequentis
506 1810 648 1897 primam
670 1809 829 1897 syllabam
841 1808 1004 1888 adjectum
1026 1809 1143 1895 repeti,
1163 1810 1246 1876 sicut
1266 1811 1300 1876 ia
1322 1834 1379 1899 ap·

320 1915 494 2003 pellatione
516 1918 595 1979 Dias
615 1916 732 1977 Fidius.
777 1911 945 1996 Quoniam
967 1910 1063 1998 igitur
1088 1912 1315 1979 animadvertit
1336 1916 1377 1980 K.

322 2018 365 2084 O.
387 2016 573 2093 Muellerus,
595 2014 753 2080 Umbrica
775 2013 884 2100 lingua
905 2014 1029 2078 formas
1050 2018 1113 2093 iufe
1134 2039 1191 2080 seu
1212 2022 1278 2081 iace
1299 2028 1331 2081 et
1346 2022 1382 2083 dt

320 2120 402 2200 (diu,
424 2119 513 2196 dive,
534 2118 646 2198 diuve)
667 2117 853 2204 promiscue
876 2117 1005 2181 usitatas
1025 2116 1115 2180 idem
1135 2116 1379 2206 significare⁴⁴)‚

320 2224 381 2288 hac
407 2245 470 2308 pro
499 2220 552 2286 illa
579 2220 729 2301 adjuncta
759 2219 800 2284 ad
832 2218 992 2306 syllabam
1019 2221 1073 2284 lara
1099 2244 1157 2284 seu
1180 2245 1240 2299 gra
1270 2220 1377 2308 ipsum

320 2327 480 2391 habemus
512 2347 636 2388 nomen
669 2326 797 2387 Gradivi
824 2321 936 2385 nostri.
980 2321 1055 2406 Qua
1086 2344 1164 2386 vero
1196 2316 1321 2388 ratione
1346 2334 1379 2388 et

319 2430 408 2494 Mars
429 2439 462 2492 et
481 2428 584 2491 Janus
608 2429 735 2491 Creator
754 2423 848 2488 divus
869 2423 1076 2510 perhibetur,
1104 2424 1218 2489 eadem
1241 2436 1378 2514 uterque

320 2532 401 2596 deus
424 2533 565 2616 Quirinus
586 2527 715 2592 videtur
735 2527 916 2615 appellatus
939 2549 1016 2592 esse.

423 2798 546 2853 dubitare
569 2817 720 2872 possumus,
756 2797 820 2868 quin
842 2793 970 2849 Sabinum
994 2796 1105 2850 verbum
1130 2796 1199 2851 curis
1223 2796 1303 2865 (cur,
1330 2800 1378 2863 cri,

422 2906 530 2958 guerre,
548 2883 648 2956 Krieg)
672 2885 707 2939 ad
724 2883 836 2940 eandem
854 2882 926 2938 illam
943 2883 1059 2938 radicem
1077 2883 1153 2938 GER
1170 2881 1249 2939 etiam
1268 2883 1380 2940 Germa-

307 2999 309 3002 <
422 2975 482 3030 nice
500 2974 600 3030 hastam
619 2972 812 3046 significantem
829 2971 997 3026 referendum
1018 2972 1059 3026 sit.
1101 2972 1218 3028 Affinern
1237 2994 1295 3029 esse
1316 2974 1380 3031 baie

422 3063 499 3136 stirpi
518 3064 595 3118 etiam
613 3083 707 3120 rocem
724 3081 773 3116 ver
792 3073 819 3115 et
840 3059 904 3114 inde
925 3059 1033 3115 videtur
1056 3060 1181 3127 indicari,
1206 3063 1278 3135 quod
1297 3065 1380 3119 rerba

422 3153 568 3222 germinare
587 3165 615 3207 et
631 3171 745 3208 vernare
763 3148 846 3223 plane
868 3149 938 3204 idem
962 3148 1124 3221 significant,
1155 3163 1182 3206 et
1203 3171 1236 3206 eo
1258 3171 1380 3225 compro-

421 3240 510 3306 batur,
541 3241 613 3314 quod
635 3254 738 3297 veteres
761 3237 920 3310 grammatici
941 3237 1043 3292 literam
1063 3238 1105 3308 Q,
1132 3238 1264 3312 duplicem
1284 3260 1380 3296 sonum

423 3329 451 3382 in
469 3349 500 3383 ea
516 3328 719 3400 pronuncianda
736 3327 826 3382 audire
844 3325 895 3380 sibi
912 3325 971 3389 visi,
989 3347 1004 3381 e
1021 3325 1103 3381 literis
1121 3325 1143 3381 C
1162 3340 1189 3381 et
1206 3327 1232 3378 V
1250 3327 1380 3402 composi-

421 3430 474 3471 tam
493 3438 549 3472 esse
573 3418 743 3472 arbitrantur.
786 3414 822 3469 Et
843 3435 912 3470 sonu
933 3427 961 3469 et
982 3415 1127 3487 scriptione
1152 3415 1232 3487 igitur
1248 3416 1381 3471 simillima

422 3506 506 3570 GER,
526 3505 634 3571 CVER,
653 3505 738 3559 VER.
773 3503 891 3576 Apparet
908 3502 988 3573 igitur
1004 3501 1034 3556 in
1048 3515 1161 3576 utroque
1173 3505 1269 3560 Martis
1281 3525 1382 3579 cogno·

423 3594 494 3649 mine
515 3593 635 3651 Gradivo
659 3608 687 3650 et
717 3589 834 3663 Quirino
859 3588 1000 3661 (Carino)
1033 3593 1145 3648 saudens
1176 3613 1233 3648 asse
1262 3596 1379 3668 stirpem.

421 3683 585 3754 Hartungius
606 3681 672 3737 false
695 3678 874 3753 egrediendo
893 3678 998 3734 derivat
1018 3676 1090 3747 (Rel.
1114 3681 1191 3736 Rom.
1209 3682 1246 3747 ll,
1262 3703 1290 3755 p.
1307 3679 1380 3753 lm.)

424 3771 536 3826 Gradivi
555 3790 719 3844 cognomen,
749 3767 865 3841 ideoque
882 3768 968 3823 minus
990 3782 1064 3824 recte
1083 3768 1229 3825 Gradivum
1245 3771 1379 3842 bellicum,

423 3859 566 3929 Quirinum
585 3859 689 3916 civilem
707 3858 787 3913 brisso
805 3858 922 3912 Martem
938 3856 1082 3912 arbitratur
1098 3857 1117 3912 l.
1134 3878 1156 3912 c.
1175 3857 1209 3922 11,
1227 3859 1285 3913 171.

365 3943 403 4015 “)
421 3948 517 4003 Muell.
536 3950 594 4003 Etr.
613 3949 647 4002 ll.
664 3969 691 4021 p.
709 3947 741 4000 51
762 3945 868 4000 confert
885 3965 943 4000 cum
966 3945 1020 4001 hoc
1044 3945 1166 4001 Latinum
1184 3945 1269 4001 Dialis
1288 3958 1316 4002 et
1331 3947 1380 4002 Ju-

420 4037 499 4108 piter,
528 4037 659 4093 Graecum
676 4031 734 4098 zris
750 4046 777 4088 et
795 4027 866 4111 Ass'53
888 4033 959 4089 idem
976 4033 1164 4090 animadvertit
1178 4034 1236 4090 Etr.
1248 4035 1280 4100 ll,
1297 4055 1324 4107 p.
1337 4036 1379 4090 43·

421 4132 507 4186 rerba
524 4131 611 4194 Deus,
634 4131 720 4193 doris.
746 4124 803 4192 Ζεύς
821 4129 937 4199 ejusdem
956 4149 1013 4183 esse
1031 4129 1128 4202 stirpis.
1163 4130 1187 4184 Α
1205 4129 1295 4185 formis
1313 4128 1380 4197 dius,

422 4225 506 4290 dirus,
524 4225 586 4288 infe,
603 4225 684 4295 jovis,
700 4225 781 4280 diuve
799 4225 886 4279 fortas
902 4223 981 4278 bovis
998 4242 1055 4277 uon
1072 4224 1153 4296 megia
1169 4223 1380 4292 alisuasidetur,

423 4332 501 4385 quam
518 4313 585 4379 durs,
604 4311 731 4382 duellum,
750 4313 836 4368 danus
854 4332 870 4368 a
886 4311 936 4382 bis,
953 4309 1061 4379 bellurn,
1079 4311 1175 4369 bosus.
