3400 5042
792 511 840 584 73

365 695 489 755 Luciam
515 694 719 754 Volaminiam.
754 691 861 751 Varro
884 688 919 751 L.
943 689 979 752 L.
1002 689 1053 766 lX,
1075 695 1112 752 lil
1132 711 1164 774 p.
1180 694 1250 753 216.
1284 691 1341 752 vi-

285 794 399 858 demus
421 793 508 856 enim
530 798 665 858 illaturam
686 803 823 854 matrem
846 792 966 854 Larum
989 791 1051 854 dici
1059 818 1065 867 ;
1088 791 1220 856 Luciam
1243 793 1341 856 Vola

285 897 419 960 miniam
440 902 590 961 Sale'orum
611 895 807 959 carminibus
829 892 1015 979 appellari«

368 1004 501 1064 Mamuri
528 1003 557 1062 V
556 1006 642 1063 erari.
686 1000 792 1060 Varro
815 997 850 1060 L.
874 996 911 1060 L.
935 997 998 1073 Vl,
1019 1003 1059 1062 45
1080 1021 1112 1083 p.
1135 1004 1185 1061 9⁰.
1230 1000 1341 1085 ltaque

287 1101 360 1164 Salii
384 1103 472 1189 quod
500 1112 628 1165 cantant
654 1105 788 1164 Mamuri
815 1103 924 1163 Veturi
947 1098 1103 1186 significat
1129 1115 1255 1164 ueterem
1282 1128 1342 1164 me-

285 1211 416 1268 moriam.
461 1201 513 1268 Cf.
537 1227 618 1291 quae
647 1226 742 1289 supra
765 1203 806 1266 de
828 1201 890 1265 hac
911 1201 1129 1286 appellatione
1151 1203 1234 1266 dicta
1256 1216 1339 1268 sunt.

288 1306 497 1393 Hartungius,
529 1305 600 1371 Rel.
629 1307 725 1370 Rom.
754 1307 794 1382 11,
816 1329 848 1391 p.
874 1310 932 1369 169
959 1304 1104 1369 Vituria
1132 1312 1282 1372 uitulaado
1310 1319 1341 1370 et

287 1415 460 1474 circulatione
481 1409 613 1473 derivat.

368 1516 499 1576 Manuos
521 1511 552 1574 in
575 1511 769 1574 carminibus
795 1515 963 1575 Saliaribus
985 1515 1091 1575 Aelius
1117 1515 1194 1576 Stilo
1222 1525 1254 1575 et
1279 1519 1343 1578 Au·

286 1620 377 1678 relius
403 1612 579 1700 significare
602 1613 690 1677 aiunt
711 1619 823 1678 honos:
861 1613 948 1677 unde
970 1613 1064 1678 inferi
1090 1614 1121 1677 di
1143 1618 1253 1680 Manes
1278 1639 1340 1702 pro

286 1722 356 1780 boui
374 1717 520 1780 dicantur
541 1739 558 1779 a
580 1715 767 1801 suppliciter
789 1739 844 1779 eos
868 1717 1095 1781 venerantibus
1116 1730 1252 1805 propter
1273 1744 1341 1783 rne-

287 1831 357 1882 tum
380 1819 500 1897 mortis,
522 1828 557 1881 ut
579 1817 736 1882 immanes
759 1841 891 1905 quoque
912 1841 973 1904 pro
996 1818 1108 1884 valde.
1122 1868 1128 1884 .
1142 1823 1342 1892 .dicuntur.«

287 1921 375 1989 Fest.
397 1945 428 2007 p.
454 1927 520 1984 146.
564 1919 617 1985 stc
643 1932 730 1984 recte
759 1919 871 1988 Muell.
899 1918 1008 1984 locum
1035 1923 1172 1987 restituit
1200 1949 1218 1988 e
1240 1925 1341 1989 Paulli

287 2034 438 2108 excerpto
460 2044 492 2108 p.
517 2028 584 2088 147.
607 2045 635 2085 v.
648 2022 795 2090 Manues.
831 2019 955 2087 Contra
977 2024 1061 2088 Fest.
1074 2048 1105 2111 p.
1121 2032 1191 2090 157:
1217 2032 1343 2093 »Manes

288 2124 319 2186 di
341 2124 382 2188 ab
404 2127 583 2203 Auguribus
602 2124 809 2203 invocantur,
841 2125 930 2211 quod
953 2124 1044 2212 iper
1071 2128 1180 2192 omnia
1207 2134 1343 2196 aetheria

289 2239 482 2314 terrenaque
503 2251 625 2291 manare
647 2227 849 2290 credantur«
872 2226 911 2290 cl.
926 2252 952 2291 v.
965 2233 1099 2295 Matralia
1120 2230 1193 2294 lons
1215 2232 1291 2296 ibid.
1313 2258 1342 2297 v.

287 2352 409 2394 manare
430 2353 461 2415 p.
488 2336 544 2397 158
566 2353 594 2393 v.
616 2352 702 2394 mane
723 2353 754 2415 p.
779 2335 837 2394 1⁶25
861 2334 892 2391 A
910 2338 1053 2396 manandi
1071 2333 1244 2419 aequabili,
1264 2336 1343 2414 miti,

289 2432 502 2496 silenti'motu
524 2421 879 2496 animae'mortuorum
901 2431 1000 2496 fluida
1022 2459 1132 2511 manes,
1155 2447 1187 2498 et
1208 2439 1342 2501 ommno

289 2535 367 2598 boni
390 2534 500 2598 manui
524 2539 626 2598 vocati
648 2547 722 2598 sunt
744 2546 776 2598 et
796 2534 987 2598 adverbium
1003 2563 1089 2601 mane
1104 2548 1231 2622 tempus
1248 2540 1343 2626 signi-

288 2636 374 2713 ficat,
406 2637 459 2700 ubi
491 2643 541 2700 sol
568 2654 670 2702 manat
701 2642 747 2718 (v.
773 2661 904 2700 mamare
931 2638 950 2700 l.
973 2639 1018 2723 c.)
1046 2639 1077 2703 b.
1105 2665 1132 2703 e.
1160 2664 1234 2704 cum
1267 2642 1343 2706 solis

289 2739 420 2803 orientis
440 2738 519 2802 radii
542 2739 751 2826 splendorem
765 2738 931 2820 (fluidum)
946 2743 1050 2822 jacere
1067 2744 1257 2828 coepissent.
1289 2749 1342 2808 Ab

288 2841 444 2922 adjectivo
466 2868 570 2907 manus
592 2841 631 2911 C.
645 2845 739 2906 Peter
760 2843 858 2920 (Hall.
880 2843 973 2908 Littz.
999 2851 1088 2912 1812.
1109 2847 1172 2910 No.
1185 2854 1223 2913 84
1235 2873 1267 2934 p.
1279 2856 1343 2928 m.)

288 2944 411 3010 derivat
432 2943 557 3008 Oscum
580 2945 760 3032 perlectum
788 2947 987 3026 aamauassed
1007 2947 1252 3032 (ad-man-avit)
1274 2952 1292 3014 i.
1315 2978 1343 3018 a.

288 3048 480 3134 approbavit
501 3046 612 3134 (Cipp.
635 3047 781 3112 Abellan.
807 3055 868 3127 10.)
890 3054 992 3113 illonti
1010 3050 1051 3114 cl.
1073 3051 1127 3114 Fr.
1150 3053 1212 3116 No.
1234 3060 1263 3117 9.

370 3155 558 3215 »Molucrum
580 3174 647 3214 non
669 3151 776 3214 solum
789 3174 855 3238 quo
876 3157 973 3216 molae
994 3163 1142 3216 teruntur
1163 3155 1286 3235 dicitur,
1308 3159 1340 3221 id

289 3254 374 3340 quod
401 3253 518 3319 Graeci
535 3241 739 3335 μθληκόρθν
759 3253 932 3340 appellant,
954 3254 1011 3317 sed
1033 3256 1129 3318 etiam
1151 3272 1248 3323 tumor
1268 3283 1343 3324 ven·

289 3358 360 3433 tris,
392 3357 446 3442 qui
470 3355 566 3420 etiam
587 3355 763 3440 virginibus
785 3357 926 3421 indicere
952 3357 1051 3422 solet:
1084 3362 1174 3441 cujus
1195 3363 1345 3426 meminit

290 3459 442 3522 Afranius
464 3459 497 3522 in
519 3457 670 3543 Virgine:
703 3459 822 3522 Ferme
843 3459 971 3545 virgini,
997 3473 1166 3549 tamquam
1193 3465 1342 3550 gravidae

289 3561 414 3624 mulieri
443 3573 551 3624 uterus
577 3560 735 3642 (crescit),
773 3569 934 3628 molucrum
955 3578 1102 3644 vocatur,
1133 3567 1248 3630 transit
1275 3568 1343 3632 sine

290 3663 466 3727 doloribus.
510 3667 645 3728 Cloatius
667 3664 763 3729 etiam
786 3667 820 3732 in
841 3665 931 3731 libris
953 3691 1136 3732 sacrorum:
1167 3676 1344 3736 »molucrum

290 3789 359 3828 esse
380 3765 469 3828 aiunt
495 3771 621 3844 laneum
648 3767 816 3853 quoddam
844 3769 1039 3856 quadratum
1064 3772 1119 3834 ubi
1145 3779 1342 3839 immolatum«

291 3867 382 3930 ldem
408 3870 514 3931 Aelius
540 3869 572 3931 in
601 3876 812 3954 explanatione
841 3879 1000 3937 cormacum
1030 3879 1192 3938 Saliarium
1223 3878 1341 3941 eodem

290 3969 424 4034 nomine
444 3969 599 4056 appellari
623 3972 680 4048 ait,
708 3974 797 4060 quod
818 3981 873 4038 sub
894 3981 972 4040 mola
993 3989 1203 4064 supponatur.
1247 3988 1345 4045 Aure·

285 4079 347 4138 laiss
375 4077 489 4158 Opilius
517 4073 658 4161 appellat
683 4075 739 4139 ubi
766 4084 925 4142 motatum«
967 4079 1053 4143 Fest.
1075 4102 1106 4165 p.
1132 4087 1200 4145 141.
1244 4083 1346 4146 lnter-

289 4175 387 4262 punxi
410 4188 485 4263 post
505 4177 643 4240 verbum
656 4202 810 4244 sacrorum
821 4181 879 4258 (a)
891 4182 932 4244 ita
950 4192 986 4244 ut
1002 4181 1200 4267 praecedens
1215 4190 1344 4250 mamitus

290 4278 330 4343 ed
344 4280 481 4344 Cloatius
497 4278 694 4367 suppleatur,
713 4290 748 4343 et
750 4302 942 4367 pronomen
954 4287 1038 4348 Idem
1049 4306 1116 4347 non
1128 4285 1343 4352 masculinum
