3400 5042
837 531 912 615 122.

424 707 538 773 Fuisse
565 718 673 771 autem
700 707 901 772 laudationes
927 707 1186 794 antiquissimum
1216 710 1402 775 orationum

341 831 443 896 genus
462 809 562 874 literis
585 809 785 886 mandatum,
808 807 926 872 Cicero
949 809 980 871 in
998 811 1097 873 Bruto
1120 809 1224 888 docet,
1247 813 1301 883 ubi
1325 813 1401 875 artis

341 911 499 978 oratoriae
520 911 677 997 principia
699 911 937 997 contemplatus
959 912 1056 974 etiam
1079 934 1138 975 suo
1157 923 1307 1000 tempore
1325 913 1403 976 dicit

341 1013 576 1102 antiquissimas
588 1012 711 1100 aliquot
723 1025 929 1077 mortuorum
942 1012 1143 1077 laudationes
1154 1026 1288 1089 exstare,
1311 1038 1403 1078 nam-

291 1185 301 1198 ,
340 1139 405 1203 qne
428 1115 511 1202 ipsas
533 1113 669 1178 familias
692 1126 726 1178 ut
748 1138 802 1178 sua
826 1127 1018 1179 ornamenta
1046 1137 1082 1178 ac
1110 1128 1324 1181 monumenta
1346 1140 1400 1180 eas

339 1240 493 1292 servasse,
516 1215 610 1279 etad
634 1239 743 1292 usum,
765 1216 789 1279 si
812 1216 885 1303 quis
908 1216 1053 1295 ejusdem
1076 1218 1202 1302 generis
1224 1219 1401 1294 occidisset,

340 1331 372 1386 et
393 1319 432 1384 ad
455 1317 650 1384 memoriam
673 1318 807 1382 laudum
830 1318 1099 1397 domesticarum,
1126 1331 1157 1383 ct
1179 1319 1217 1384 ad
1241 1320 1401 1385 illustran-

338 1423 415 1489 dam
436 1421 639 1487 nobilitatem
661 1443 763 1483 suam.

424 1523 550 1609 Quodsi
564 1521 688 1586 Gellius
704 1521 845 1586 affirmat
857 1521 1136 1609 comprecationes
1149 1523 1296 1598 deorum,
1317 1547 1400 1610 quae

340 1629 404 1693 ritu
418 1628 569 1690 Romano
586 1623 673 1701 fiant,
695 1625 854 1690 contineri
872 1625 1078 1690 sacerdotum
1089 1623 1181 1689 libris
1193 1637 1224 1688 et
1235 1624 1400 1711 plerisque

443 1829 565 1886 omnibus
589 1826 709 1884 Etruscis
732 1848 825 1901 pacem
851 1828 1030 1902 composuisse
1052 1827 1210 1883 diuturnam.
1245 1828 1316 1898 Ergo
1340 1841 1400 1885 toto

441 1918 488 1974 illo
506 1930 627 1990 tempore
652 1916 786 1970 Arretium
808 1917 937 1990 oppidum
959 1917 1066 1971 minime
1090 1917 1197 1975 hostile.
1232 1918 1401 1972 Recentioris

441 2025 506 2062 sero
524 2000 615 2060 laetatis
636 2025 694 2059 esse
713 2004 782 2060 hanc
800 2005 917 2058 tabulam
937 2025 1012 2078 quam
1032 2003 1188 2078 Scipionum
1206 2004 1298 2059 titulos
1312 2005 1400 2076 sepul-

441 2094 532 2156 crales,
551 2093 650 2148 docent
658 2092 802 2147 verborum
813 2093 924 2148 formae:
943 2092 1047 2163 Pyrrhi,
1066 2092 1205 2153 Bellonae,
1223 2114 1290 2154 cum,
1299 2094 1399 2158 aedem,

439 2204 489 2258 pro
508 2181 601 2256 quibus
623 2181 700 2255 Appii
718 2180 796 2236 Caeci
814 2194 933 2254 ternpore
952 2181 1099 2236 dicebatur:
1118 2182 1225 2250 Burrus,
1243 2182 1399 2247 Duellonai,

441 2291 536 2345 quom,
553 2270 646 2324 aidem.
683 2269 853 2340 Conjecerim
871 2268 962 2340 igitur,
987 2283 1049 2343 post
1070 2269 1230 2324 devastatam
1249 2291 1265 2324 a
1282 2270 1398 2324 Sullanis

440 2359 574 2414 Etruriam
592 2377 649 2412 non
673 2370 736 2412 ante
760 2357 871 2423 Augusti
896 2368 1030 2430 tempora,
1057 2356 1203 2429 incipiente
1227 2357 1399 2413 Claudiorum

442 2446 637 2511 dominatione,
655 2445 723 2501 hanc
742 2444 857 2500 tabulam
876 2458 920 2500 aut
938 2459 1068 2507 statutam,
1086 2459 1131 2500 aut
1149 2446 1292 2500 restitutam
1313 2447 1340 2499 in
1359 2447 1399 2499 lo-

442 2556 500 2591 cum
519 2535 625 2589 deletae
644 2534 801 2606 antiquioris
816 2554 880 2587 esse.
910 2533 969 2588 Nec
986 2535 1089 2602 mirum,
1107 2535 1141 2588 ad
1159 2535 1243 2588 virum
1262 2535 1399 2605 antiquum

439 2624 631 2682 celebrandum
655 2624 792 2695 antiquum
818 2641 874 2675 esse
900 2621 1054 2676 Saturnium
1080 2642 1216 2676 numerum
1244 2621 1398 2676 adhibitum.

440 2713 481 2767 Cf.
501 2713 533 2765 ll.
551 2711 648 2765 Klotz:
667 2710 820 2767 Handbnch
840 2709 889 2763 der
907 2709 1098 2765 Lateinischen
1111 2710 1398 2780 Literaturgescltichte

439 2796 563 2871 (Leipzig
584 2797 672 2867 1846)
692 2800 724 2852 Τ.
744 2799 763 2852 Ι.
781 2819 806 2870 p.
823 2797 882 2850 289.
901 2811 958 2851 not.
977 2798 1040 2866 298,
1067 2798 1113 2870 qui
1135 2798 1223 2852 locum
1245 2813 1397 2871 corruptum

439 2888 530 2944 schot.
548 2887 677 2943 Bolriens.
687 2908 711 2956 p.
719 2887 778 2948 359,
796 2889 821 2939 2.
842 2886 874 2940 ed
901 2885 970 2939 Bait.
988 2888 1021 2940 ad
1037 2885 1092 2940 Cic.
1111 2907 1149 2957 pr.
1169 2886 1249 2940 Arch.
1267 2901 1340 2958 poet.
1350 2889 1397 2948 Xl,

437 2979 479 3031 27.
498 2977 535 3030 sic
554 2976 694 3047 legendem
713 2988 818 3030 censet:
847 2975 917 3029 »llic
938 2975 1036 3028 Brutus
1062 2973 1202 3029 Gallaecos
1225 2975 1275 3028 fuit
1299 2995 1398 3044 cogno-

438 3077 529 3120 mento
547 3065 583 3119 ob
602 3085 644 3119 res
662 3064 690 3117 in
705 3062 846 3136 hispania
869 3082 926 3116 non
947 3060 1034 3115 minus
1056 3075 1161 3117 strenue
1185 3083 1261 3135 quarn
1285 3063 1398 3118 feliciter

439 3167 529 3226 gestas.
573 3154 637 3223 Ejus
662 3151 741 3208 etiam
770 3150 873 3206 nomini
900 3148 1035 3217 (nomine)
1079 3149 1153 3205 Accii
1178 3164 1274 3223 poetae
1304 3151 1396 3222 tragici

439 3255 523 3297 exstat
540 3241 621 3304 liber,
639 3242 712 3310 cujus
730 3238 857 3313 plurimos
875 3258 981 3301 versus,
1004 3258 1069 3311 qnos
1092 3239 1231 3292 Saturnios
1249 3240 1398 3312 appellave-

436 3343 514 3398 runt,
537 3329 672 3385 vestibulo
690 3328 781 3398 templi
799 3327 896 3382 Martis
913 3326 1096 3400 superscripsit
1116 3328 1233 3383 Brutus·¹
1271 3327 1397 3383 Ceterum

438 3419 492 3475 hoc
510 3438 616 3473 carmen
634 3417 668 3481 de
685 3416 774 3489 Appio
793 3414 883 3478 Caeco
901 3416 1074 3488 compositum
1100 3416 1213 3470 eundem
1233 3416 1315 3485 habet
1333 3437 1397 3471 con·

437 3520 542 3564 centum
568 3507 619 3563 sibi
644 3505 851 3578 respondentem
883 3517 1061 3560 extremorum
1092 3505 1235 3575 verborum
1265 3525 1397 3568 versuum,

439 3595 559 3668 qualem,
587 3594 763 3649 Germanicae
782 3593 888 3664 linguae
906 3591 1053 3665 proprium,
1071 3605 1159 3646 tamen
1177 3613 1192 3647 a
1209 3593 1283 3665 poesi
1301 3592 1398 3647 Latina

436 3703 496 3737 non
512 3682 594 3755 plane
612 3681 743 3744 abfuisse,
770 3681 872 3736 docent
890 3695 916 3736 et
935 3680 1034 3735 Catulli
1056 3681 1162 3753 quidam
1184 3702 1276 3738 versus
1299 3694 1326 3736 et
1342 3681 1396 3736 hoc

436 3789 545 3827 carmen
563 3790 578 3824 a
597 3769 728 3831 Cicerone
746 3770 853 3824 'l'uscul
873 3770 894 3832 l,
912 3769 947 3824 28
963 3781 1110 3825 servatum:

507 3858 631 3920 »Caelum
649 3857 788 3920 nitescere,
806 3859 916 3913 arbores
934 3857 1115 3922 frondescere,

504 3946 583 4012 Vites
601 3944 730 4003 laetificae
748 3945 878 4018 pampinis
896 3947 1052 4017 pubescere,

505 4033 582 4091 Rani
599 4035 723 4091 bacarum
742 4035 863 4089 ubertate
880 4034 1087 4093 incurvescere·

438 4125 481 4180 Cf.
501 4123 599 4180 Catull.
617 4143 696 4177 carm.
713 4123 764 4178 23:

507 4209 642 4267 »Cinaede
661 4211 766 4276 Thalle,
784 4208 893 4277 mollior
910 4211 1025 4267 cuniculi
1042 4211 1141 4283 capillo

505 4299 559 4363 Vel
576 4299 676 4366 anseris
694 4299 840 4369 medullula
856 4298 902 4367 rel
918 4299 999 4370 imula
1015 4299 1157 4369 auricilla·
