3400 5042
825 499 876 576 ³5

318 677 451 766 stirpem
476 678 651 760 juvenilem
677 679 815 745 excitato
846 679 1044 746 abundantis
1074 679 1205 768 vigoris,
1242 679 1381 758 roboris,

319 779 405 848 floris
432 804 528 848 sensu
555 782 597 849 ad
624 783 746 848 amoris
774 785 858 849 n'xas
884 783 1027 873 bellique
1054 785 1232 850 certamina
1258 784 1379 850 incitat.

320 883 407 948 Nam
429 884 520 973 quod
544 887 636 966 duno
662 887 806 952 Martem
828 911 846 951 e
868 899 1019 953 contactu
1045 887 1232 975 olfactuque
1258 886 1380 953 florum

319 985 388 1050 sine
410 989 547 1076 conjuge
567 990 734 1079 peperisse
746 989 863 1055 Florae
880 990 1058 1057 ministerio
1075 990 1215 1056 traditur
1229 995 1280 1073 ⁵⁸),
1301 991 1380 1080 quid

319 1087 406 1154 aliud
427 1101 486 1169 est,
507 1113 608 1178 quam
629 1093 743 1158 Lunae
763 1092 881 1174 lucem,
909 1116 993 1182 quae
1014 1117 1074 1180 per
1093 1094 1199 1158 noctis
1218 1105 1381 1159 secretum

320 1191 486 1286 silentium
507 1193 686 1260 herbarum
709 1195 932 1285 arborumque
954 1219 1088 1260 succum
1099 1196 1231 1262 vitalem
1242 1198 1380 1262 excitare

321 1305 353 1359 et
372 1317 509 1362 movere
531 1321 549 1360 e
570 1297 733 1363 radicibus
755 1299 970 1366 subterraneis
996 1301 1029 1364 in
1050 1299 1195 1364 ramulos
1216 1311 1381 1364 extremos

319 1397 512 1488 apricosque
533 1399 689 1480 videatur,
710 1401 744 1465 in
766 1401 853 1466 silvis
874 1401 1026 1489 arvisque
1047 1402 1131 1467 veris
1146 1401 1289 1490 speciem
1304 1424 1382 1490 pro-

319 1522 447 1581 vocare,
469 1514 502 1569 et
523 1501 683 1568 duodenis
705 1503 828 1569 vicibus
850 1504 969 1569 exactis
990 1527 1122 1592 semper
1135 1503 1201 1569 hoc
1218 1505 1302 1570 veris
1319 1504 1380 1570 ini-

318 1604 400 1670 tium
420 1604 577 1673 reducere
593 1612 641 1685 ⁵⁸).

403 1708 493 1774 Haec
515 1708 611 1795 igitur
638 1720 707 1774 erat
735 1733 839 1788 causa,
861 1733 919 1774 cur
940 1709 1066 1798 aliquot
1092 1710 1270 1797 etymologi
1298 1711 1382 1777 Gra·

320 1808 433 1874 divum
455 1809 614 1876 Gramine
635 1823 746 1877 ortum
767 1813 1073 1899 interpretamentum
1093 1813 1136 1876 ita
1146 1823 1273 1878 tantum
1285 1813 1382 1901 plane

321 1911 520 2000 intelligitur,
542 1913 621 2002 quid
642 1915 702 1979 sibi
724 1915 802 1979 velit
822 1916 856 1979 in
877 1938 912 1979 re
934 1913 1049 1979 bellica
1071 1937 1194 1980 corona
1215 1916 1381 2002 graminea

307 2024 353 2078 ct
368 2013 460 2082 hasta
477 2038 559 2104 pura
575 2033 633 2083 seu
648 2019 815 2106 graminea
831 2016 1029 2082 fortitudinis
1045 2017 1229 2103 praemium
1244 2025 1298 2097 ⁶⁰);
1320 2019 1383 2085 hac

321 2115 463 2205 denique
488 2119 614 2192 ratione
641 2143 702 2208 pro
729 2119 866 2184 naturali
894 2142 1005 2183 rerum
1032 2119 1147 2183 ordine
1174 2122 1229 2209 qui
1256 2123 1383 2209 primus

321 2231 370 2283 est
390 2220 476 2287 veris
497 2221 619 2287 mensis
639 2223 738 2288 Marti
765 2234 974 2287 consecratus
1000 2245 1108 2311 neque
1135 2221 1266 2288 aliunde
1289 2226 1383 2291 Veris

322 2323 402 2388 sacri
423 2322 594 2390 dedicandi
616 2349 689 2390 mos
710 2338 798 2391 ortus
821 2350 889 2392 esse
910 2336 1028 2413 potest.
1070 2324 1158 2389 Nam
1185 2337 1220 2389 ut
1246 2329 1383 2392 omnino

321 2425 521 2510 procedente
543 2428 731 2493 animorum
753 2428 936 2495 eruditione
963 2426 1085 2514 species
1112 2426 1252 2492 deorum
1278 2442 1384 2495 muta-

319 2537 384 2606 tur,
405 2527 451 2593 sie
472 2529 652 2617 Sabellicae
673 2544 785 2618 gentes
801 2555 819 2596 e
834 2529 1018 2619 pastoribus
1038 2531 1202 2594 montanis
1223 2533 1383 2618 agricolae

321 2629 475 2696 laboriosi
497 2631 581 2712 facti,
603 2655 703 2724 quem
726 2645 800 2699 ante
822 2634 855 2697 in
878 2632 1010 2698 saltibus
1031 2632 1223 2721 pascuisque
1234 2635 1384 2723 religiose

322 2731 491 2798 coluerant
517 2737 601 2801 veris
634 2736 747 2816 deum,
780 2759 857 2801 eum
883 2748 960 2800 tunc
982 2734 1067 2822 agris
1089 2735 1249 2802 fertilibus
1271 2739 1384 2825 segeti-

321 2835 446 2923 busque
467 2835 681 2904 vindicarunt

405 2937 520 3026 Quum
542 2940 661 3007 deinde
683 2966 743 3030 per
763 2941 901 3007 nimiam
922 2941 1096 3005 hominum
1119 2940 1249 3028 copiam
1271 2965 1311 3007 ex
1327 2965 1384 3007 an-

322 3039 420 3128 tiquis
440 3041 571 3108 sedibus
593 3044 626 3107 in
644 3043 905 3132 septentrionalis
923 3044 1034 3110 ltaliae
1050 3042 1198 3132 planities
1210 3067 1383 3133 erumpere

322 3143 506 3232 coepissent
526 3146 685 3234 agricolae
707 3147 824 3228 fortes,
851 3146 975 3213 vernali
996 3159 1147 3234 tempore
1169 3157 1201 3210 et
1220 3158 1330 3212 aratro
1352 3159 1385 3211 et

368 3425 404 3498 ⁸⁰)
426 3427 510 3484 ovid.
528 3430 601 3485 Faat.
619 3428 653 3484 V.
670 3429 731 3484 253.

367 3514 405 3586 ‘')
428 3516 547 3582 Clausen
564 3540 590 3593 p.
608 3519 644 3574 53
660 3519 731 3574 hanc
755 3517 870 3573 fabulam
897 3517 935 3571 ita
957 3516 1087 3589 explicat:
1114 3515 1201 3572 Deam
1221 3515 1385 3590 indignatam

426 3606 500 3680 quod
517 3607 671 3663 Minervam
688 3606 794 3680 Jupiter
816 3605 874 3661 sine
896 3605 977 3678 ipsius
998 3624 1109 3660 munere
1133 3605 1269 3677 conjugali
1289 3627 1385 3678 proge-

424 3694 528 3764 nuerit‚
555 3695 672 3753 Martem
688 3694 787 3749 Florae
811 3713 865 3769 ope
886 3693 1033 3767 peperisse,
1059 3693 1162 3749 scilicet
1184 3705 1213 3747 ut
1234 3693 1385 3764 indignatio

336 3804 338 3808 ⁴
426 3802 531 3838 saevam
547 3786 634 3857 pariat
651 3784 723 3838 iram.
758 3782 898 3854 Ejusmodi
915 3781 1064 3837 sententiae
1089 3800 1123 3836 ex
1139 3779 1228 3836 etbica
1249 3781 1305 3837 sire
1323 3802 1386 3854 psy-

337 3893 340 3898 ·
425 3869 564 3943 cbologica
587 3871 730 3945 disciplina
747 3871 874 3927 docteet
891 3870 1015 3926 consulto
1037 3869 1210 3942 depromptae
1231 3890 1309 3942 quam
1327 3890 1385 3926 non

425 3957 530 4033 possint
546 3958 640 4037 subjici
657 3959 772 4033 antiquis
789 3958 895 4024 sabulis,
912 3978 928 4014 e
945 3971 1078 4016 certorum
1087 3958 1208 4014 locorum
1220 3970 1386 4032 naturapro-

425 4048 496 4104 natis
514 4067 546 4105 ac
563 4049 707 4114 concretis,
723 4046 877 4103 luculenter
898 4046 981 4103 docet
997 4048 1033 4103 K.
1052 4047 1088 4103 Ο.
1106 4044 1227 4104 Mueller
1248 4045 1293 4101 vir
1310 4047 1385 4117 inge·

425 4135 589 4193 tristissimus
606 4136 677 4193 libro
687 4155 749 4193 suo:
766 4133 964 4206 prolegomena
982 4157 1016 4191 au
1026 4133 1385 4192 einerwisscnsclsaftlicben

424 4223 604 4298 Mytlrologie.

367 4303 408 4380 “)
427 4308 527 4371 laxias
542 4311 655 4370 tradant
672 4309 713 4367 bis
731 4309 766 4368 ds
783 4309 864 4368 rebus
880 4310 1035 4373 neminis„
