3400 5042
842 1430 872 1502 1.

698 1567 1038 1658 tutttttttttl.

799 1809 870 1858 Pastor
880 1807 975 1856 tuttetrn
988 1806 1042 1847 toctt
1055 1805 1142 1846 subitura
1155 1806 1250 1845 novetur.

1120 1877 1210 1916 matus.

799 1949 923 1992 tumetis!
936 1949 1020 1998 cernat,
1033 1949 1055 1988 st
1067 1947 1131 1988 athar
1144 1947 1179 1988 ut
1189 1948 1256 1995 tadeo
1269 1949 1295 1990 ha
1307 1951 1344 1990 ert.

1117 2019 1225 2060 Horatius.

326 2080 452 2243 Quum
481 2152 648 2238 superiore
678 2150 805 2214 saeculo
833 2150 986 2226 historiae
1008 2153 1177 2216 Romanae
1198 2152 1383 2216 tractandae

327 2255 417 2333 ratio,
440 2256 560 2341 quippe
583 2276 665 2341 quae
687 2265 779 2317 antea
802 2255 835 2317 in
859 2254 935 2339 ipsis
956 2253 1153 2340 scriptorum
1171 2254 1384 2319 locisverbis·

327 2381 388 2444 que
410 2356 578 2436 haereret,
600 2356 784 2432 Perizoni0‚
805 2356 937 2443 Baylio,
958 2355 1162 2434 Beaufortio‚
1183 2357 1252 2422 aliis
1274 2371 1385 2423 aucto-

330 2461 420 2524 ribus
442 2462 474 2523 in
497 2459 641 2524 criticam
663 2459 750 2522 illam
773 2470 954 2522 mutaretur
974 2459 1149 2538 rationem,
1171 2482 1254 2546 quae
1275 2461 1383 2548 lapide

325 2575 360 2626 ut
381 2563 424 2625 ita
446 2562 553 2626 dicam
574 2585 636 2649 pro
658 2586 743 2649 pane
765 2562 891 2640 oblato,
915 2561 1098 2625 fabularum
1120 2563 1384 2627 mendaciorum-

217 2662 221 2721 ζ
325 2690 388 2752 que
430 2689 490 2729 nos
530 2667 645 2731 habere
684 2676 872 2730 contextum
911 2687 972 2750 pro
1009 2663 1163 2728 historiae
1196 2668 1384 2732 auctoritate

324 2768 453 2855 fideque
481 2769 623 2854 probare
651 2769 744 2832 nobis
773 2769 908 2845 studuit,
939 2767 1084 2854 primum
1105 2768 1320 2849 Niebuhrius‚
1352 2777 1385 2834 et

219 2952 222 2957 Ι
324 2870 480 2934 dissoluta
509 2882 586 2934 nota
614 2870 766 2934 historiae
789 2872 959 2934 Romanae
987 2870 1110 2956 specie,
1143 2883 1175 2935 et
1202 2895 1287 2936 nova
1316 2876 1383 2954 ejus

219 2964 223 2977 '
323 2974 464 3059 imagine
487 2973 628 3060 depicta,
656 2973 824 3061 splendida
848 2973 996 3061 quidem,
1023 2985 1056 3036 at
1076 2997 1144 3037 non
1165 2975 1286 3061 ubique
1307 2999 1382 3039 cum

272 3071 275 3075 ¹
322 3093 431 3140 rerum
453 3087 566 3141 natura
593 3076 821 3155 conveniente,
853 3076 995 3140 carmina
1024 3077 1114 3164 epica
1140 3075 1241 3141 luisse
1267 3076 1384 3153 sontes,

216 3190 219 3197 '
323 3178 410 3242 unde
434 3202 469 3242 ea
493 3202 592 3266 quarn
620 3179 751 3245 tradant
776 3178 952 3266 scriptores
980 3179 1102 3266 antiqui
1129 3178 1262 3244 historia
1283 3180 1383 3245 fluxe·

323 3282 381 3360 rit,
402 3305 470 3345 non
492 3281 598 3346 solum
621 3307 660 3346 ex
681 3283 748 3371 ipsa
760 3307 795 3346 re
808 3282 1048 3361 demonstrare,
1070 3281 1127 3347 sed
1140 3283 1383 3372 etiamscripto-

322 3407 396 3448 rum
418 3384 496 3448 locis
518 3384 713 3450 confirmare
740 3385 871 3449 studuit.
936 3384 1017 3448 lude
1044 3407 1122 3448 vero
1150 3384 1191 3449 ad
1219 3385 1383 3474 duplicem

220 3518 225 3527 ¹
323 3511 476 3552 normam
498 3487 602 3552 studia
615 3487 789 3552 hominum
802 3487 976 3552 doctorum
988 3487 1109 3552 directo
1125 3499 1217 3552 sunt:
1238 3489 1383 3575 primum

321 3602 356 3652 ut
376 3589 604 3676 investigarent
635 3592 769 3678 quinam
804 3603 913 3656 essent
940 3613 1053 3654 revera
1076 3590 1155 3654 certi
1177 3603 1210 3655 et
1230 3593 1384 3680 antiquis-

320 3693 393 3756 simi
415 3692 568 3758 historiae
592 3694 763 3759 Romanae
792 3694 917 3770 lontes,
948 3692 1066 3759 deinde
1098 3705 1134 3756 ut
1165 3694 1205 3758 ad
1238 3708 1383 3760 contem·

321 3795 503 3883 plationem
536 3797 703 3885 popularis
737 3819 819 3884 quae
853 3807 987 3860 vocatur
1015 3797 1243 3860 Romanorum
1275 3800 1383 3884 poesis

321 3897 430 3984 paullo
449 3897 631 3985 diligentius
643 3900 789 3966 animum
802 3899 1016 3965 adverterent.
1059 3900 1148 3962 Tum
1160 3900 1214 3987 qui
1230 3899 1383 3966 historiae

321 3997 421 4063 fidem
443 4001 735 4091 auctoritatemque
759 4004 930 4068 restituere
953 4013 985 4066 et
1007 4012 1187 4065 sustentare
1205 4002 1383 4068 studebant

320 4102 492 4166 Niebuhrii
515 4106 736 4185 conjecturam
770 4118 825 4170 aut
847 4105 1046 4191 argumentis
1078 4127 1146 4169 non
1179 4106 1253 4169 satis
1280 4107 1381 4171 lirmis

319 4204 469 4269 refellere
492 4208 597 4271 conati
619 4220 709 4285 suut,
741 4221 797 4273 aut
816 4209 952 4296 prolatis
973 4207 1170 4293 quibusdam
1192 4207 1270 4273 locis
1292 4233 1382 4274 com-

321 4307 475 4373 munibus
497 4320 671 4374 utranam
694 4307 903 4398 fictitiamque
926 4309 1142 4373 omittendam
1152 4320 1277 4375 temere
1287 4333 1382 4396 prae-

1151 4425 1167 4480 l
