3400 5042
748 547 908 624 ’166

426 722 582 789 Similiter
613 721 754 789 Marcius
787 735 820 790 et
851 724 1014 791 Publicius
1046 736 1134 790 vates
1175 723 1326 790 cecinisse
1355 723 1404 789 di-

342 837 474 891 cuntur:
504 847 569 913 quo
592 822 625 888 in
648 847 766 910 genere
790 825 949 915 Apollinis
971 839 1084 913 operta
1106 826 1232 914 prolata
1255 829 1402 906 sunt«⁶).

344 927 434 1013 Quid
457 926 574 1013 igitur?
616 926 736 990 Nonne
764 950 876 993 sensus
903 928 1003 993 Ennii
1030 930 1208 994 verborum
1229 933 1333 992 Fauni
1352 954 1404 993 uo-

344 1043 448 1115 tesque
469 1027 541 1092 luce
562 1027 679 1093 clarior
699 1028 847 1093 redditur
870 1027 1042 1095 Ciceronis
1063 1030 1170 1094 verbis
1198 1055 1219 1096 o
1240 1035 1405 1095 uaticinan-

344 1133 422 1195 tibus
450 1139 482 1194 et
513 1132 650 1196 Marcius
678 1143 709 1195 et
735 1133 890 1198 Publicius
916 1136 1025 1198 vates?
1076 1131 1138 1196 llic
1164 1130 1314 1220 prolecto
1347 1130 1404 1220 qui

343 1231 446 1297 modo
470 1230 538 1296 vult
558 1231 677 1309 videre,
699 1254 775 1296 eum
798 1233 912 1321 lugere
939 1255 1006 1298 non
1027 1242 1148 1320 potest,
1180 1232 1324 1298 Ennium
1346 1231 1404 1298 illo

343 1356 439 1399 versu
460 1331 540 1398 nihil
563 1331 848 1419 aliudsignificsre,
870 1358 970 1425 quem
983 1333 1108 1400 Horatii
1124 1359 1241 1401 annosa
1258 1339 1406 1401 columina

344 1449 443 1500 cutum
464 1434 505 1499 sb
533 1434 763 1523 antiquissimis
790 1436 995 1524 temporibus
1016 1436 1049 1500 in
1078 1435 1242 1524 Capitolio
1270 1449 1403 1501 servata.

346 1537 458 1622 Quare
481 1533 600 1600 Cicero
623 1539 867 1624 comparatione
889 1539 941 1603 illa
965 1562 1021 1603 sua
1044 1539 1075 1602 in
1098 1541 1201 1603 Bruto
1223 1538 1303 1601 nihil
1327 1539 1406 1602 dicit

343 1651 473 1728 praeter
494 1637 577 1702 hoc:
611 1651 645 1701 ut
666 1639 754 1726 apud
777 1639 921 1705 Graecos
944 1653 1017 1705 ante
1041 1643 1225 1705 Homerum
1249 1641 1293 1703 sic
1315 1640 1404 1726 apud

344 1742 515 1805 Romanos
536 1753 610 1806 ante
633 1743 777 1806 Ennium
800 1766 952 1806 versuum
976 1743 1064 1806 initia
1081 1743 1189 1819 luisse,
1211 1754 1242 1805 et
1254 1743 1404 1806 consulto

343 1855 410 1907 tam
422 1865 502 1930 vage
514 1856 684 1930 comparat
694 1843 745 1907 his
758 1845 880 1909 verbis:
901 1845 1012 1930 Quid?
1033 1845 1145 1908 Nostri
1157 1856 1280 1908 veteres
1292 1868 1406 1908 versus

345 1951 397 2010 ubi
413 1951 509 2010 sunt?
540 1945 623 2009 lllud
640 1971 834 2012 annumerare
850 1947 975 2034 igitura
989 1946 1152 2012 Cicerone
1170 1947 1286 2010 fortius
1304 1970 1405 2033 quam

344 2048 523 2113 accuratius
545 2048 668 2113 dictum
691 2049 778 2113 idem
801 2049 895 2126 valet,
917 2049 1005 2137 quod
1028 2072 1219 2134 comparare,
1241 2060 1274 2113 et
1294 2071 1408 2134 repre-

344 2149 537 2215 hensionem
559 2150 658 2215 habet
680 2151 778 2214 Ennii
801 2151 925 2230 lenem,
952 2150 1162 2239 quodetiam
1184 2153 1224 2215 ab
1248 2151 1312 2215 hoc
1334 2176 1409 2215 ver-

344 2253 423 2318 bum
446 2280 522 2339 quos
543 2276 604 2340 pro
627 2259 732 2337 ‹puales
749 2261 943 2341 usurpatum
960 2253 1076 2318 fortius
1091 2253 1213 2318 dictum
1226 2253 1409 2331 videbatur,

344 2355 552 2443 speciemque
563 2356 722 2442 praebere
734 2367 870 2442 poterat,
885 2367 1055 2443 tamquam
1071 2379 1184 2421 revera
1196 2371 1280 2421 uates
1291 2355 1409 2420 luisset

343 2461 489 2524 Naeuius.
523 2455 611 2542 Quid
635 2459 755 2522 multa?
787 2458 899 2523 Verba
920 2465 1068 2545 scripsere
1090 2465 1147 2524 alii
1165 2485 1242 2536 rem,
1270 2457 1335 2522 hoc
1358 2470 1409 2521 est

344 2565 489 2625 Punicum
510 2565 616 2625 bellum
634 2567 773 2646 primum,
807 2559 847 2624 de
870 2587 927 2625 rano
949 2565 1065 2627 Naeuio
1092 2560 1307 2647 negligentius
1329 2583 1408 2623 cum

345 2674 537 2749 contemptu
564 2662 716 2727 simulato
743 2663 784 2726 ab
813 2663 921 2727 Ennio
949 2663 1033 2728 dicta
1055 2686 1124 2728 esse
1152 2665 1250 2728 sentit
1277 2659 1408 2740 Cicero,

345 2779 377 2831 et
399 2766 431 2829 in
453 2765 564 2853 aprico
587 2776 636 2829 est
657 2764 851 2851 reprehendi
873 2763 938 2831 hoc
960 2765 1033 2830 loco
1056 2791 1205 2830 numerum
1223 2770 1408 2842 Saturnium,

346 2891 412 2956 quo
434 2879 467 2930 et
489 2866 628 2931 Naevius
650 2878 682 2931 et
703 2867 825 2955 antiqui
848 2879 937 2932 vates
958 2868 1115 2944 Marcius,
1149 2866 1325 2942 Publicius,
1354 2867 1409 2931 alii

345 2971 393 3035 usi
415 2970 492 3048 sint,
518 2980 554 3032 ut
574 2969 690 3033 rudem
714 2981 746 3033 et
766 2969 938 3034 horridum
961 2971 1002 3034 ab
1024 2970 1133 3034 Ennio
1154 2981 1261 3055 poeta,
1283 2969 1410 3056 quippe

346 3074 410 3161 qui,
432 3072 578 3160 primum
601 3095 634 3136 se
652 3070 838 3136 adhibuisse
856 3071 939 3136 inter
950 3073 1121 3136 Romanos
1132 3083 1246 3159 poetas
1259 3070 1410 3136 Graecos

345 3177 564 3252 hexametros,
580 3197 683 3261 paene
701 3173 840 3237 nimium
858 3173 988 3260 gloriari
1005 3174 1106 3238 soleat
1116 3178 1154 3253 ⁷).
1177 3174 1297 3238 Subest
1308 3173 1412 3240 etiam

347 3278 494 3344 acerbius
512 3277 680 3365 quoddam
692 3275 767 3341 huic
779 3275 1027 3364 comparationi,
1047 3276 1135 3364 quod
1147 3300 1258 3340 revera
1270 3276 1412 3356 Ennius,

347 3383 401 3468 qui
429 3393 497 3446 tam
525 3380 663 3445 liberam
692 3379 732 3444 de
760 3402 872 3442 rerum
904 3379 1107 3467 deorumque
1136 3392 1249 3444 natura
1281 3377 1414 3445 foveret

346 3483 557 3562 sententiam,
587 3494 624 3546 ut
643 3481 822 3546 Euhemeri
849 3465 948 3564 ἳερᾶν
980 3461 1193 3566 &tardauit
1229 3481 1270 3545 ad
1303 3492 1412 3547 totam

346 3587 537 3673 religionem
559 3585 687 3671 penitus
708 3582 899 3662 tollendam,
921 3595 956 3646 ut
973 3581 1092 3648 Cicero
1115 3583 1167 3662 ait,
1188 3584 1413 3669 conscriptam

347 3713 415 3754 non
446 3688 554 3752 solum
586 3687 866 3774 interpretaretur,
902 3686 958 3750 sed
991 3689 1088 3751 etiarn
1121 3697 1250 3773 praeter
1282 3697 1413 3753 ceteros

405 3956 431 4027 ⁸)
450 3956 505 4011 Cic.
524 3957 558 4011 de
576 3954 669 4010 Divin.
689 3955 709 4019 l,
727 3957 769 4009 50.

404 4044 429 4114 ⁷)
447 4045 564 4098 Ennium
583 4044 760 4098 hexametrum
784 4044 893 4117 primum
919 4064 1056 4115 usurpasse
1084 4044 1165 4098 docet
1188 4042 1281 4097 lsidor.
1315 4044 1414 4117 Origg.

451 4133 472 4196 1,
488 4135 531 4186 37.
551 4155 576 4206 p.
595 4133 654 4187 852.
674 4133 716 4186 Cl.
736 4133 792 4187 Cic.
809 4133 842 4186 de
862 4133 941 4203 Legg.
961 4133 994 4194 ll,
1012 4133 1058 4196 27;
1076 4133 1167 4186 Dium.
1179 4133 1214 4195 ll,
1233 4153 1259 4203 p.
1269 4131 1328 4186 193.
1347 4132 1416 4206 Agit

452 4221 485 4275 de
503 4241 534 4275 ea
552 4242 580 4277 re
599 4223 696 4278 Osann
714 4222 792 4277 Anal.
810 4221 869 4278 crit
888 4242 909 4275 c.
929 4221 964 4287 ll,
982 4242 1007 4292 p.
1024 4219 1066 4274 29.
