3400 5042
404 739 603 795 enarrantur.
647 730 688 792 At
709 748 787 792 vero
810 726 898 814 quod
922 728 1114 817 multiplices
1136 750 1173 792 ac
1194 727 1321 811 limatos
1337 728 1459 792 Roma·

403 853 522 896 norum
556 851 710 895 numeros
743 827 863 917 lyricos
894 829 999 895 inesse
1024 830 1058 894 in
1085 828 1136 894 his
1162 828 1358 894 carminibus
1384 829 1460 894 Nie-

403 931 538 998 buhrius
560 929 741 1008 contendit,
768 953 808 994 ne
831 930 938 1018 specie
960 931 1094 1020 quidem
1116 930 1179 996 ulla
1201 931 1381 1019 argumenti
1404 931 1459 995 de-

401 1032 505 1100 fendit
521 1039 569 1113 ¹²).
601 1030 804 1099 Ceterum
780 1055 929 1100 esserum
953 1033 1112 1124 estquod
1135 1032 1372 1120 Quinctilianus
1392 1034 1458 1098 ani·

401 1135 586 1212 madvertit,
626 1146 700 1200 ante
732 1157 863 1201 carmen
895 1148 1005 1202 ortum
1047 1160 1130 1213 esse,
1156 1139 1272 1226 quam
1303 1128 1455 1195 carminis

402 1237 665 1303 observationem
682 1243 735 1316 ¹⁴),
757 1237 812 1301 ubi
836 1237 1097 1304 demonstratum
1119 1238 1180 1327 erit
1200 1235 1356 1324 simplicia
1379 1256 1457 1308 esse,

403 1340 549 1429 quamvis
570 1363 635 1404 non
658 1340 827 1418 indecora,
859 1324 1025 1428 popularis
1047 1342 1155 1430 poesis
1177 1341 1263 1431 apud
1286 1340 1456 1402 Romanos

400 1444 502 1522 initia,
534 1442 783 1508 concedendum
805 1455 853 1506 est
875 1443 972 1508 etiam
994 1443 1186 1509 artificiosus
1205 1443 1454 1526 elaboratosque

400 1546 558 1628 ejusmodi
580 1569 735 1611 numeros
756 1547 891 1610 existere
912 1570 981 1611 non
1003 1547 1155 1634 potuisse.

483 1649 624 1714 Naenias
649 1649 746 1736 igit—ur
771 1648 858 1736 apud
885 1649 1124 1737 antiquissimos
1151 1651 1320 1714 Romanos
1345 1645 1454 1734 aliquo

399 1753 526 1816 honore
539 1751 687 1816 floruisse
700 1774 739 1816 eo
751 1749 948 1838 intelligitur,
957 1752 1044 1840 quod
1054 1752 1196 1818 Naeuiae
1209 1752 1287 1816 deae
1299 1749 1453 1838 sacellum

400 1867 469 1919 erat
490 1867 562 1919 ante
584 1865 714 1942 portam
737 1852 937 1918 Viminalem
959 1853 1158 1933 dedicatum,
1190 1856 1321 1942 ejusque
1349 1851 1454 1916 cultus

400 1957 510 2022 similis
532 1968 568 2021 ut
590 1954 805 2034 Carmentae,
838 1956 880 2022 de
902 1979 965 2047 qua
986 1980 1082 2045 supra
1110 1957 1370 2022 animadversum
1398 1964 1455 2030 est,

399 2061 575 2138 institutus,
597 2082 698 2148 quum
720 2058 801 2123 haec
822 2059 855 2124 in
876 2071 986 2147 partu,
1003 2060 1063 2124 'illa
1085 2059 1118 2123 in
1140 2059 1309 2125 funeribus
1329 2056 1453 2122 recole·

399 2176 488 2228 retur
504 2169 551 2244 ¹⁴).
593 2160 723 2227 Deinde
746 2184 849 2250 quum
871 2149 949 2249 legis
971 2161 1054 2226 illius
1077 2161 1251 2228 duodecim
1267 2161 1453 2226 tabularum

399 2291 416 2332 a
439 2263 599 2332 Cicerone
632 2275 776 2330 servatae
801 2262 891 2328 hunc
916 2286 984 2329 esse
1011 2287 1142 2330 sensum
1175 2264 1371 2353 legislatores
1398 2286 1454 2327 vo-

395 2370 521 2448 luerint,
541 2380 577 2433 ut
597 2366 689 2433 claris
710 2378 916 2433 mortuorum
939 2366 1094 2455 exemplis
1104 2367 1280 2455 propositis
1290 2367 1331 2432 ad
1343 2389 1453 2432 aemu-

396 2471 551 2539 lationem
572 2469 757 2558 superstites
778 2469 1005 2548 incitarentur,
1037 2475 1293 2535 consentaneum
1315 2481 1451 2535 estnon

395 2600 413 2639 a
435 2573 551 2638 vilibus
572 2571 721 2661 praeficis
743 2570 918 2637 duodecim
938 2571 1122 2636 tabularum
1144 2584 1256 2651 aetate,
1277 2573 1453 2660 sedapro-

397 2676 526 2765 pinquis
539 2675 858 2763 consanguineisque
879 2685 1021 2739 cantatas
1043 2698 1111 2740 esse
1138 2676 1277 2741 naenias.
1319 2675 1453 2740 Accedit

396 2779 483 2867 quod
508 2779 541 2843 in
563 2778 737 2842 duodecim
764 2777 896 2856 tabulis,
927 2801 1066 2866 quarum
1093 2779 1126 2842 in
1152 2778 1277 2844 decima
1299 2791 1451 2844 accurate

396 2882 551 2968 descripti
569 2882 632 2945 sint
653 2882 805 2944 funerum
828 2893 978 2968 sumptus
1000 2893 1032 2946 et
1049 2882 1275 2961 caerimoniae,
1296 2883 1450 2970 praelica-

394 3009 467 3049 rum
489 3008 612 3048 nomen
635 2983 771 3048 omnino
794 3007 863 3047 non
883 2984 999 3068 legitur
1036 2990 1103 3062 Ι“).’
1128 2984 1259 3049 lllarum
1285 2985 1372 3050 enim
1395 2986 1450 3049 ad-

394 3088 609 3152 hibendarum
632 3109 705 3150 mos
733 3087 880 3173 usurpari
914 3086 1051 3151 omnino
1083 3110 1151 3153 non
1182 3088 1356 3178 potuisset,
1389 3088 1448 3152 nisi

394 3191 505 3278 priscis
527 3189 692 3277 quondam
715 3188 920 3276 temporibus
948 3189 1007 3276 ipsi
1035 3191 1169 3277 gentiles
1197 3191 1310 3257 festive
1336 3191 1449 3278 deplo-

393 3318 464 3358 rare
485 3305 653 3357 mortuum
677 3305 903 3367 consuessent;
936 3293 967 3356 id
991 3293 1079 3381 quod
1106 3318 1145 3359 eo
1171 3319 1303 3383 quoque
1332 3294 1449 3359 confir·

437 3579 472 3650 ⁴²)
492 3582 570 3636 Nieb.
589 3582 652 3636 ibid.
676 3581 796 3654 promisit
817 3605 845 3638 se
868 3584 980 3657 antiqui·
993 3585 1153 3658 grammatici
1171 3585 1303 3654 cujusdam
1327 3550 1446 3641 libellum

492 3671 633 3734 editurum,
652 3671 721 3727 unde
739 3671 791 3728 hoc
809 3672 893 3746 ipsum
911 3673 1098 3746 conspiciatur.
1132 3673 1307 3730 Niebuhrium
1320 3696 1385 3734 vero
1403 3675 1447 3729 liic

492 3759 579 3813 Flavii
596 3760 726 3830 Sosipatri
745 3761 857 3817 Charisii
883 3762 1036 3819 testimonio
1053 3763 1162 3817 abusum
1187 3782 1244 3819 esee
1269 3777 1363 3821 causet
1387 3786 1444 3821 cuns

493 3847 704 3905 Schneidewino
724 3849 853 3906 Streuber
870 3851 887 3905 l.
905 3874 928 3907 c.
947 3873 975 3924 p.
993 3852 1034 3906 13.

436 3934 472 4005 ⁴⁴)
493 3937 601 4007 Quinct.
620 3939 686 3993 lnst„
705 3938 785 3995 Orat.
803 3941 854 4008 lx,
871 3940 897 3993 4
905 3940 964 3994 115.

436 4044 574 4116 ⁴⁴)Fest.
577 4068 603 4099 r.
621 4048 759 4121 naeniap
779 4048 836 4103 161.
857 4049 962 4174 August.
982 4051 1040 4104 Cir.
1053 4050 1115 4104 Dei.
1126 4049 1174 4113 Vl,
1190 4050 1216 4103 9.
1234 4050 1366 4121 Hamun'g
1384 4051 1443 4107 ttet.

489 4137 565 4191 Rom.
584 4137 618 4199 ll,
634 4137 694 4191 2⁴6.

434 4242 537 4397 η)(3ἱ
550 4243 656 4387 tabu}
674 4244 802 4302 eFuncii
826 4246 908 4304 mestit
931 4248 959 4303 in
977 4249 1019 4304 ed.
1038 4248 1147 4322 Bipont
1168 4246 1292 4353 Ciceron.
1318 4268 1391 4323 oper.
1410 4249 1443 4302 Τ

490 4333 513 4386 Χ
554 4353 579 4405 r·
