<?xml version="1.0" encoding="UTF-8"?>
<!DOCTYPE html PUBLIC "-//W3C//DTD XHTML 1.0 Transitional//EN"
    "http://www.w3.org/TR/xhtml1/DTD/xhtml1-transitional.dtd">
<html xmlns="http://www.w3.org/1999/xhtml" xml:lang="en" lang="en">
 <head>
  <title>
</title>
<meta http-equiv="Content-Type" content="text/html;charset=utf-8" />
  <meta name='ocr-system' content='tesseract 3.04.00' />
  <meta name='ocr-capabilities' content='ocr_page ocr_carea ocr_par ocr_line ocrx_word'/>
</head>
<body>
  <div class='ocr_page' id='page_1' title='image "./originespoesisr00corsgoog_0030.png"; bbox 0 0 3400 5042; ppageno 0'>
   <div class='ocr_carea' id='block_1_1' title="bbox 789 495 910 569">
    <p class='ocr_par' dir='ltr' id='par_1_1' title="bbox 789 495 910 569">
     <span class='ocr_line' id='line_1_1' title="bbox 789 495 910 569; baseline 0 0"><span class='ocrx_word' id='word_1_1' title='bbox 789 561 795 569; x_wconf 81' lang='grc'>.</span> <span class='ocrx_word' id='word_1_2' title='bbox 858 495 910 569; x_wconf 78' lang='lat'>2⁰</span> 
     </span>
    </p>
   </div>
   <div class='ocr_carea' id='block_1_2' title="bbox 355 650 1415 3528">
    <p class='ocr_par' dir='ltr' id='par_1_2' title="bbox 355 650 1415 3528">
     <span class='ocr_line' id='line_1_2' title="bbox 358 650 1415 762; baseline -0.003 -22"><span class='ocrx_word' id='word_1_3' title='bbox 358 695 467 762; x_wconf 82' lang='lat' dir='ltr'>neque</span> <span class='ocrx_word' id='word_1_4' title='bbox 487 671 652 738; x_wconf 89' lang='lat' dir='ltr'>immerito</span> <span class='ocrx_word' id='word_1_5' title='bbox 674 671 783 737; x_wconf 87' lang='lat' dir='ltr'>laudat</span> <span class='ocrx_word' id='word_1_6' title='bbox 793 670 982 738; x_wconf 86' lang='lat' dir='ltr'>Macrobius</span> <span class='ocrx_word' id='word_1_7' title='bbox 994 650 1168 757; x_wconf 76' lang='lat' dir='ltr'>Virgilium</span> <span class='ocrx_word' id='word_1_8' title='bbox 1191 682 1224 736; x_wconf 87' lang='lat' dir='ltr'>et</span> <span class='ocrx_word' id='word_1_9' title='bbox 1234 671 1415 739; x_wconf 84' lang='lat' dir='ltr'>Antonium</span> 
     </span>
     <span class='ocr_line' id='line_1_3' title="bbox 360 773 1415 864; baseline -0.004 -20"><span class='ocrx_word' id='word_1_10' title='bbox 360 775 574 864; x_wconf 85' lang='lat' dir='ltr'>Gniplmnem</span> <span class='ocrx_word' id='word_1_11' title='bbox 590 785 689 839; x_wconf 87' lang='lat' dir='ltr'>testes</span> <span class='ocrx_word' id='word_1_12' title='bbox 707 785 793 839; x_wconf 89' lang='lat' dir='ltr'>certe</span> <span class='ocrx_word' id='word_1_13' title='bbox 812 776 881 854; x_wconf 85' lang='lat' dir='ltr'>ejus</span> <span class='ocrx_word' id='word_1_14' title='bbox 898 773 1010 839; x_wconf 89' lang='lat' dir='ltr'>aetatis</span> <span class='ocrx_word' id='word_1_15' title='bbox 1021 773 1073 838; x_wconf 89' lang='lat' dir='ltr'>his</span> <span class='ocrx_word' id='word_1_16' title='bbox 1091 773 1132 838; x_wconf 90' lang='lat' dir='ltr'>de</span> <span class='ocrx_word' id='word_1_17' title='bbox 1153 774 1250 840; x_wconf 89' lang='lat' dir='ltr'>rebus</span> <span class='ocrx_word' id='word_1_18' title='bbox 1262 775 1415 862; x_wconf 90' lang='lat' dir='ltr'>optimos,</span> 
     </span>
     <span class='ocr_line' id='line_1_4' title="bbox 359 874 1415 967; baseline -0.001 -24"><span class='ocrx_word' id='word_1_19' title='bbox 359 878 449 967; x_wconf 88' lang='lat' dir='ltr'>quod</span> <span class='ocrx_word' id='word_1_20' title='bbox 474 877 637 945; x_wconf 88' lang='lat' dir='ltr'>Saliorum</span> <span class='ocrx_word' id='word_1_21' title='bbox 658 875 741 942; x_wconf 88' lang='lat' dir='ltr'>laeta</span> <span class='ocrx_word' id='word_1_22' title='bbox 763 875 922 941; x_wconf 90' lang='lat' dir='ltr'>solemnia</span> <span class='ocrx_word' id='word_1_23' title='bbox 951 876 992 940; x_wconf 86' lang='lat' dir='ltr'>ad</span> <span class='ocrx_word' id='word_1_24' title='bbox 1015 874 1190 942; x_wconf 85' lang='lat' dir='ltr'><strong>Herculem</strong></span> <span class='ocrx_word' id='word_1_25' title='bbox 1212 875 1415 943; x_wconf 79' lang='lat' dir='ltr'>humanioris</span> 
     </span>
     <span class='ocr_line' id='line_1_5' title="bbox 357 979 1414 1070; baseline -0.003 -22"><span class='ocrx_word' id='word_1_26' title='bbox 357 981 522 1070; x_wconf 71' lang='lat' dir='ltr'>religionis</span> <span class='ocrx_word' id='word_1_27' title='bbox 543 992 576 1047; x_wconf 86' lang='lat' dir='ltr'>et</span> <span class='ocrx_word' id='word_1_28' title='bbox 596 990 763 1045; x_wconf 77' lang='lat' dir='ltr'><strong>auctorem</strong></span> <span class='ocrx_word' id='word_1_29' title='bbox 785 991 818 1044; x_wconf 92' lang='lat' dir='ltr'>et</span> <span class='ocrx_word' id='word_1_30' title='bbox 837 1002 960 1043; x_wconf 88' lang='lat' dir='ltr'>numen</span> <span class='ocrx_word' id='word_1_31' title='bbox 982 979 1144 1066; x_wconf 89' lang='lat' dir='ltr'>pertinere</span> <span class='ocrx_word' id='word_1_32' title='bbox 1166 980 1350 1046; x_wconf 79' lang='lat' dir='ltr'>censuerint</span> <span class='ocrx_word' id='word_1_33' title='bbox 1366 988 1414 1061; x_wconf 84' lang='lat'>¹¹).</span> 
     </span>
     <span class='ocr_line' id='line_1_6' title="bbox 389 1079 1415 1170; baseline -0.001 -21"><span class='ocrx_word' id='word_1_34' title='bbox 389 1163 392 1170; x_wconf 17' lang='grc' dir='ltr'><em>Α</em></span> <span class='ocrx_word' id='word_1_35' title='bbox 439 1084 527 1159; x_wconf 83' lang='lat' dir='ltr'>Nam</span> <span class='ocrx_word' id='word_1_36' title='bbox 549 1081 792 1149; x_wconf 84' lang='lat' dir='ltr'>Tiburtinoset</span> <span class='ocrx_word' id='word_1_37' title='bbox 813 1082 1016 1147; x_wconf 83' lang='lat' dir='ltr'>Tusculanos</span> <span class='ocrx_word' id='word_1_38' title='bbox 1037 1079 1189 1146; x_wconf 88' lang='lat' dir='ltr'>habuisse</span> <span class='ocrx_word' id='word_1_39' title='bbox 1211 1083 1317 1148; x_wconf 89' lang='lat' dir='ltr'>Salios</span> <span class='ocrx_word' id='word_1_40' title='bbox 1338 1107 1415 1149; x_wconf 90' lang='lat' dir='ltr'>suos</span> 
     </span>
     <span class='ocr_line' id='line_1_7' title="bbox 357 1183 1413 1273; baseline -0.003 -19"><span class='ocrx_word' id='word_1_41' title='bbox 357 1187 489 1254; x_wconf 83' lang='lat' dir='ltr'>Herculi</span> <span class='ocrx_word' id='word_1_42' title='bbox 511 1185 634 1252; x_wconf 88' lang='lat' dir='ltr'>dicatos</span> <span class='ocrx_word' id='word_1_43' title='bbox 657 1189 695 1263; x_wconf 91' lang='lat'>¹¹)</span> <span class='ocrx_word' id='word_1_44' title='bbox 722 1183 811 1271; x_wconf 88' lang='lat' dir='ltr'>prius</span> <span class='ocrx_word' id='word_1_45' title='bbox 834 1208 936 1273; x_wconf 88' lang='lat' dir='ltr'>quam</span> <span class='ocrx_word' id='word_1_46' title='bbox 960 1186 1138 1262; x_wconf 86' lang='lat' dir='ltr'>Romanos,</span> <span class='ocrx_word' id='word_1_47' title='bbox 1161 1186 1248 1271; x_wconf 91' lang='lat' dir='ltr'>apud</span> <span class='ocrx_word' id='word_1_48' title='bbox 1270 1187 1413 1252; x_wconf 85' lang='lat' dir='ltr'>Servium</span> 
     </span>
     <span class='ocr_line' id='line_1_8' title="bbox 357 1285 1415 1375; baseline -0.003 -18"><span class='ocrx_word' id='word_1_49' title='bbox 357 1290 505 1368; x_wconf 83' lang='lat' dir='ltr'>traditur,</span> <span class='ocrx_word' id='word_1_50' title='bbox 526 1299 559 1354; x_wconf 91' lang='lat' dir='ltr'>et</span> <span class='ocrx_word' id='word_1_51' title='bbox 580 1286 666 1375; x_wconf 90' lang='lat' dir='ltr'>apud</span> <span class='ocrx_word' id='word_1_52' title='bbox 688 1288 842 1352; x_wconf 88' lang='lat' dir='ltr'>Etruscos</span> <span class='ocrx_word' id='word_1_53' title='bbox 862 1310 982 1375; x_wconf 78' lang='lat' dir='ltr'>magno</span> <span class='ocrx_word' id='word_1_54' title='bbox 999 1285 1128 1351; x_wconf 89' lang='lat' dir='ltr'>honore</span> <span class='ocrx_word' id='word_1_55' title='bbox 1139 1285 1285 1353; x_wconf 88' lang='lat' dir='ltr'>floruisse</span> <span class='ocrx_word' id='word_1_56' title='bbox 1297 1312 1415 1355; x_wconf 86' lang='lat' dir='ltr'>eorum</span> 
     </span>
     <span class='ocr_line' id='line_1_9' title="bbox 358 1388 1413 1479; baseline -0.002 -20"><span class='ocrx_word' id='word_1_57' title='bbox 358 1388 742 1478; x_wconf 72' lang='lat' dir='ltr'>cultum,eon1pturibus</span> <span class='ocrx_word' id='word_1_58' title='bbox 769 1389 928 1454; x_wconf 89' lang='lat' dir='ltr'>indicatur</span> <span class='ocrx_word' id='word_1_59' title='bbox 955 1389 1102 1476; x_wconf 75' lang='lat' dir='ltr'>vestigiis.</span> <span class='ocrx_word' id='word_1_60' title='bbox 1158 1389 1244 1455; x_wconf 84' lang='lat' dir='ltr'>Nam</span> <span class='ocrx_word' id='word_1_61' title='bbox 1266 1391 1413 1479; x_wconf 83' lang='lat' dir='ltr'>fabulam</span> 
     </span>
     <span class='ocr_line' id='line_1_10' title="bbox 358 1490 1414 1583; baseline 0 -23"><span class='ocrx_word' id='word_1_62' title='bbox 358 1517 422 1583; x_wconf 89' lang='lat' dir='ltr'>qua</span> <span class='ocrx_word' id='word_1_63' title='bbox 443 1493 587 1561; x_wconf 83' lang='lat' dir='ltr'>Morrius</span> <span class='ocrx_word' id='word_1_64' title='bbox 619 1515 676 1557; x_wconf 88' lang='lat' dir='ltr'>rex</span> <span class='ocrx_word' id='word_1_65' title='bbox 707 1492 896 1572; x_wconf 80' lang='lat' dir='ltr'>Veientium</span> <span class='ocrx_word' id='word_1_66' title='bbox 928 1490 989 1556; x_wconf 90' lang='lat' dir='ltr'>hos</span> <span class='ocrx_word' id='word_1_67' title='bbox 1022 1491 1209 1557; x_wconf 82' lang='lat' dir='ltr'>sacerdotes</span> <span class='ocrx_word' id='word_1_68' title='bbox 1241 1493 1414 1560; x_wconf 83' lang='lat' dir='ltr'>instituisse</span> 
     </span>
     <span class='ocr_line' id='line_1_11' title="bbox 357 1592 1414 1680; baseline -0.002 -17"><span class='ocrx_word' id='word_1_69' title='bbox 357 1596 489 1675; x_wconf 85' lang='lat' dir='ltr'>dicitur,</span> <span class='ocrx_word' id='word_1_70' title='bbox 522 1607 557 1660; x_wconf 89' lang='lat' dir='ltr'>ut</span> <span class='ocrx_word' id='word_1_71' title='bbox 582 1593 699 1659; x_wconf 85' lang='lat' dir='ltr'>Alesus</span> <span class='ocrx_word' id='word_1_72' title='bbox 732 1593 877 1680; x_wconf 84' lang='lat' dir='ltr'>Neptuni</span> <span class='ocrx_word' id='word_1_73' title='bbox 908 1592 992 1659; x_wconf 88' lang='lat' dir='ltr'>filius</span> <span class='ocrx_word' id='word_1_74' title='bbox 1026 1606 1058 1658; x_wconf 89' lang='lat' dir='ltr'>et</span> <span class='ocrx_word' id='word_1_75' title='bbox 1088 1593 1290 1660; x_wconf 80' lang='lat' dir='ltr'>Faleriorum</span> <span class='ocrx_word' id='word_1_76' title='bbox 1319 1598 1414 1678; x_wconf 88' lang='lat' dir='ltr'>urbis</span> 
     </span>
     <span class='ocr_line' id='line_1_12' title="bbox 358 1695 1413 1772; baseline -0.001 -7"><span class='ocrx_word' id='word_1_77' title='bbox 358 1699 511 1765; x_wconf 88' lang='lat' dir='ltr'>conditor</span> <span class='ocrx_word' id='word_1_78' title='bbox 532 1720 648 1762; x_wconf 90' lang='lat' dir='ltr'>eorum</span> <span class='ocrx_word' id='word_1_79' title='bbox 671 1695 867 1761; x_wconf 81' lang='lat' dir='ltr'>carminibus</span> <span class='ocrx_word' id='word_1_80' title='bbox 889 1695 1087 1772; x_wconf 83' lang='lat' dir='ltr'>laudaretur,</span> <span class='ocrx_word' id='word_1_81' title='bbox 1110 1696 1203 1760; x_wconf 88' lang='lat' dir='ltr'>bonis</span> <span class='ocrx_word' id='word_1_82' title='bbox 1226 1722 1243 1761; x_wconf 83' lang='lat' dir='ltr'>a</span> <span class='ocrx_word' id='word_1_83' title='bbox 1265 1698 1413 1765; x_wconf 87' lang='lat' dir='ltr'>sontibus</span> 
     </span>
     <span class='ocr_line' id='line_1_13' title="bbox 357 1796 1413 1885; baseline -0.001 -18"><span class='ocrx_word' id='word_1_84' title='bbox 357 1800 509 1879; x_wconf 77' lang='lat' dir='ltr'>haustam</span> <span class='ocrx_word' id='word_1_85' title='bbox 531 1823 601 1866; x_wconf 90' lang='lat' dir='ltr'>esse</span> <span class='ocrx_word' id='word_1_86' title='bbox 633 1796 708 1863; x_wconf 92' lang='lat' dir='ltr'>inde</span> <span class='ocrx_word' id='word_1_87' title='bbox 739 1800 958 1884; x_wconf 79' lang='lat' dir='ltr'>cognoscitur,</span> <span class='ocrx_word' id='word_1_88' title='bbox 991 1799 1080 1885; x_wconf 91' lang='lat' dir='ltr'>quod</span> <span class='ocrx_word' id='word_1_89' title='bbox 1113 1800 1173 1863; x_wconf 88' lang='lat' dir='ltr'>sub</span> <span class='ocrx_word' id='word_1_90' title='bbox 1207 1799 1302 1882; x_wconf 87' lang='lat' dir='ltr'>hujus</span> <span class='ocrx_word' id='word_1_91' title='bbox 1324 1801 1413 1868; x_wconf 84' lang='lat' dir='ltr'>Alesi</span> 
     </span>
     <span class='ocr_line' id='line_1_14' title="bbox 356 1899 1414 1992; baseline -0.001 -22"><span class='ocrx_word' id='word_1_92' title='bbox 356 1926 497 1992; x_wconf 82' lang='lat' dir='ltr'>persona</span> <span class='ocrx_word' id='word_1_93' title='bbox 517 1903 636 1967; x_wconf 87' lang='lat' dir='ltr'>mixtae</span> <span class='ocrx_word' id='word_1_94' title='bbox 659 1924 729 1966; x_wconf 87' lang='lat' dir='ltr'>esse</span> <span class='ocrx_word' id='word_1_95' title='bbox 752 1899 897 1966; x_wconf 85' lang='lat' dir='ltr'>Graecae</span> <span class='ocrx_word' id='word_1_96' title='bbox 918 1901 1046 1965; x_wconf 84' lang='lat' dir='ltr'>fabulae</span> <span class='ocrx_word' id='word_1_97' title='bbox 1068 1925 1143 1965; x_wconf 90' lang='lat' dir='ltr'>cum</span> <span class='ocrx_word' id='word_1_98' title='bbox 1166 1901 1283 1966; x_wconf 89' lang='lat' dir='ltr'>ltalicis</span> <span class='ocrx_word' id='word_1_99' title='bbox 1303 1905 1414 1969; x_wconf 89' lang='lat' dir='ltr'>viden-</span> 
     </span>
     <span class='ocr_line' id='line_1_15' title="bbox 356 2002 1413 2091; baseline -0.002 -19"><span class='ocrx_word' id='word_1_100' title='bbox 356 2018 409 2073; x_wconf 90' lang='lat' dir='ltr'>tur</span> <span class='ocrx_word' id='word_1_101' title='bbox 425 2012 472 2087; x_wconf 87' lang='lat'>¹¹).</span> <span class='ocrx_word' id='word_1_102' title='bbox 535 2005 704 2070; x_wconf 88' lang='lat' dir='ltr'>Praeterea</span> <span class='ocrx_word' id='word_1_103' title='bbox 729 2002 769 2075; x_wconf 88' lang='lat' dir='ltr'>in</span> <span class='ocrx_word' id='word_1_104' title='bbox 796 2003 927 2091; x_wconf 87' lang='lat' dir='ltr'>antiqua</span> <span class='ocrx_word' id='word_1_105' title='bbox 955 2025 1083 2090; x_wconf 79' lang='lat' dir='ltr'>gemma</span> <span class='ocrx_word' id='word_1_106' title='bbox 1112 2026 1214 2091; x_wconf 90' lang='lat' dir='ltr'>quum</span> <span class='ocrx_word' id='word_1_107' title='bbox 1242 2005 1308 2070; x_wconf 93' lang='lat' dir='ltr'>duo</span> <span class='ocrx_word' id='word_1_108' title='bbox 1335 2006 1413 2072; x_wconf 78' lang='lat' dir='ltr'>salii</span> 
     </span>
     <span class='ocr_line' id='line_1_16' title="bbox 357 2104 1414 2196; baseline 0 -23"><span class='ocrx_word' id='word_1_109' title='bbox 357 2120 412 2173; x_wconf 90' lang='lat' dir='ltr'>aut</span> <span class='ocrx_word' id='word_1_110' title='bbox 433 2107 494 2196; x_wconf 92' lang='lat' dir='ltr'>ipsi</span> <span class='ocrx_word' id='word_1_111' title='bbox 516 2119 571 2173; x_wconf 89' lang='lat' dir='ltr'>sut</span> <span class='ocrx_word' id='word_1_112' title='bbox 592 2129 708 2172; x_wconf 88' lang='lat' dir='ltr'>eorum</span> <span class='ocrx_word' id='word_1_113' title='bbox 729 2104 868 2170; x_wconf 87' lang='lat' dir='ltr'>ministri</span> <span class='ocrx_word' id='word_1_114' title='bbox 891 2106 1004 2171; x_wconf 86' lang='lat' dir='ltr'>ancilia</span> <span class='ocrx_word' id='word_1_115' title='bbox 1026 2117 1192 2192; x_wconf 85' lang='lat' dir='ltr'>portantes</span> <span class='ocrx_word' id='word_1_116' title='bbox 1213 2108 1414 2196; x_wconf 87' lang='lat' dir='ltr'>conspician-</span> 
     </span>
     <span class='ocr_line' id='line_1_17' title="bbox 355 2207 1414 2300; baseline -0.005 -24"><span class='ocrx_word' id='word_1_117' title='bbox 355 2208 543 2300; x_wconf 7' lang='lat' dir='ltr'>tur,pliteris</span> <span class='ocrx_word' id='word_1_118' title='bbox 564 2209 706 2275; x_wconf 85' lang='lat' dir='ltr'>Etruscis</span> <span class='ocrx_word' id='word_1_119' title='bbox 726 2207 920 2295; x_wconf 89' lang='lat' dir='ltr'>inscriptum</span> <span class='ocrx_word' id='word_1_120' title='bbox 947 2219 1012 2273; x_wconf 88' lang='lat' dir='ltr'>est:</span> <span class='ocrx_word' id='word_1_121' title='bbox 1045 2207 1219 2272; x_wconf 85' lang='lat' dir='ltr'>Ancilium.</span> <span class='ocrx_word' id='word_1_122' title='bbox 1246 2275 1248 2278; x_wconf 64' lang='grc'><strong>,</strong></span> <span class='ocrx_word' id='word_1_123' title='bbox 1283 2207 1333 2271; x_wconf 87' lang='lat' dir='ltr'>Ex</span> <span class='ocrx_word' id='word_1_124' title='bbox 1353 2207 1414 2271; x_wconf 86' lang='lat' dir='ltr'>illis</span> 
     </span>
     <span class='ocr_line' id='line_1_18' title="bbox 357 2309 1414 2398; baseline -0.005 -19"><span class='ocrx_word' id='word_1_125' title='bbox 357 2311 487 2380; x_wconf 84' lang='lat' dir='ltr'>alterius</span> <span class='ocrx_word' id='word_1_126' title='bbox 527 2311 560 2376; x_wconf 89' lang='lat' dir='ltr'>in</span> <span class='ocrx_word' id='word_1_127' title='bbox 583 2322 671 2376; x_wconf 85' lang='lat' dir='ltr'>veste</span> <span class='ocrx_word' id='word_1_128' title='bbox 706 2309 826 2397; x_wconf 75' lang='lat' dir='ltr'>effigies</span> <span class='ocrx_word' id='word_1_129' title='bbox 859 2311 933 2398; x_wconf 88' lang='lat' dir='ltr'>equi</span> <span class='ocrx_word' id='word_1_130' title='bbox 955 2310 1107 2375; x_wconf 90' lang='lat' dir='ltr'>maritimi</span> <span class='ocrx_word' id='word_1_131' title='bbox 1130 2309 1257 2396; x_wconf 89' lang='lat' dir='ltr'>depicta</span> <span class='ocrx_word' id='word_1_132' title='bbox 1289 2320 1348 2388; x_wconf 86' lang='lat' dir='ltr'>est,</span> <span class='ocrx_word' id='word_1_133' title='bbox 1380 2311 1414 2374; x_wconf 93' lang='lat' dir='ltr'>in</span> 
     </span>
     <span class='ocr_line' id='line_1_19' title="bbox 357 2412 1411 2500; baseline -0.004 -18"><span class='ocrx_word' id='word_1_134' title='bbox 357 2415 487 2483; x_wconf 82' lang='lat' dir='ltr'>alterius</span> <span class='ocrx_word' id='word_1_135' title='bbox 517 2414 659 2479; x_wconf 80' lang='lat' dir='ltr'>laminae</span> <span class='ocrx_word' id='word_1_136' title='bbox 697 2412 730 2477; x_wconf 93' lang='lat' dir='ltr'>in</span> <span class='ocrx_word' id='word_1_137' title='bbox 768 2415 892 2500; x_wconf 88' lang='lat' dir='ltr'>piscem</span> <span class='ocrx_word' id='word_1_138' title='bbox 925 2413 1068 2478; x_wconf 85' lang='lat' dir='ltr'>exeuntis</span> <span class='ocrx_word' id='word_1_139' title='bbox 1101 2412 1202 2499; x_wconf 77' lang='lat' dir='ltr'>figura</span> <span class='ocrx_word' id='word_1_140' title='bbox 1230 2415 1286 2494; x_wconf 86' lang='lat'>¹¹),</span> <span class='ocrx_word' id='word_1_141' title='bbox 1329 2435 1411 2500; x_wconf 86' lang='lat' dir='ltr'>quae</span> 
     </span>
     <span class='ocr_line' id='line_1_20' title="bbox 357 2515 1411 2603; baseline -0.003 -20"><span class='ocrx_word' id='word_1_142' title='bbox 357 2517 467 2583; x_wconf 88' lang='lat' dir='ltr'>omnia</span> <span class='ocrx_word' id='word_1_143' title='bbox 488 2516 530 2582; x_wconf 89' lang='lat' dir='ltr'>ad</span> <span class='ocrx_word' id='word_1_144' title='bbox 552 2515 696 2603; x_wconf 88' lang='lat' dir='ltr'>Neptuni</span> <span class='ocrx_word' id='word_1_145' title='bbox 718 2538 841 2580; x_wconf 89' lang='lat' dir='ltr'>numen</span> <span class='ocrx_word' id='word_1_146' title='bbox 868 2517 901 2580; x_wconf 89' lang='lat' dir='ltr'>in</span> <span class='ocrx_word' id='word_1_147' title='bbox 921 2526 1010 2580; x_wconf 84' lang='lat' dir='ltr'>tanta</span> <span class='ocrx_word' id='word_1_148' title='bbox 1032 2515 1223 2602; x_wconf 86' lang='lat' dir='ltr'>praesertim</span> <span class='ocrx_word' id='word_1_149' title='bbox 1244 2515 1290 2579; x_wconf 91' lang='lat' dir='ltr'>rei</span> <span class='ocrx_word' id='word_1_150' title='bbox 1313 2538 1411 2580; x_wconf 87' lang='lat' dir='ltr'>nava·</span> 
     </span>
     <span class='ocr_line' id='line_1_21' title="bbox 355 2616 1412 2708; baseline -0.003 -23"><span class='ocrx_word' id='word_1_151' title='bbox 355 2618 590 2708; x_wconf 12' lang='lat' dir='ltr'>lisssquondam</span> <span class='ocrx_word' id='word_1_152' title='bbox 624 2616 838 2705; x_wconf 90' lang='lat' dir='ltr'>amplitudine</span> <span class='ocrx_word' id='word_1_153' title='bbox 870 2617 959 2682; x_wconf 89' lang='lat' dir='ltr'>haud</span> <span class='ocrx_word' id='word_1_154' title='bbox 991 2641 1068 2682; x_wconf 88' lang='lat' dir='ltr'>sane</span> <span class='ocrx_word' id='word_1_155' title='bbox 1094 2618 1231 2683; x_wconf 86' lang='lat' dir='ltr'>obscure</span> <span class='ocrx_word' id='word_1_156' title='bbox 1265 2628 1412 2705; x_wconf 88' lang='lat' dir='ltr'>spectare</span> 
     </span>
     <span class='ocr_line' id='line_1_22' title="bbox 356 2719 1409 2808; baseline -0.002 -22"><span class='ocrx_word' id='word_1_157' title='bbox 356 2719 515 2801; x_wconf 72' lang='lat' dir='ltr'>videntur.</span> <span class='ocrx_word' id='word_1_158' title='bbox 578 2722 706 2786; x_wconf 89' lang='lat' dir='ltr'>Verum</span> <span class='ocrx_word' id='word_1_159' title='bbox 733 2721 901 2786; x_wconf 88' lang='lat' dir='ltr'>enimvero</span> <span class='ocrx_word' id='word_1_160' title='bbox 933 2720 987 2785; x_wconf 89' lang='lat' dir='ltr'>hic</span> <span class='ocrx_word' id='word_1_161' title='bbox 1019 2720 1136 2786; x_wconf 72' lang='lat' dir='ltr'>blesus</span> <span class='ocrx_word' id='word_1_162' title='bbox 1163 2743 1295 2808; x_wconf 90' lang='lat' dir='ltr'>quoque</span> <span class='ocrx_word' id='word_1_163' title='bbox 1316 2720 1409 2784; x_wconf 92' lang='lat' dir='ltr'>mari-</span> 
     </span>
     <span class='ocr_line' id='line_1_23' title="bbox 355 2821 1413 2911; baseline -0.003 -22"><span class='ocrx_word' id='word_1_164' title='bbox 355 2823 426 2889; x_wconf 86' lang='lat' dir='ltr'>timi</span> <span class='ocrx_word' id='word_1_165' title='bbox 447 2824 541 2889; x_wconf 85' lang='lat' dir='ltr'>Jovis</span> <span class='ocrx_word' id='word_1_166' title='bbox 562 2823 732 2911; x_wconf 77' lang='lat' dir='ltr'>aPelasgis</span> <span class='ocrx_word' id='word_1_167' title='bbox 753 2822 960 2910; x_wconf 90' lang='lat' dir='ltr'>potissimum</span> <span class='ocrx_word' id='word_1_168' title='bbox 982 2821 1104 2888; x_wconf 86' lang='lat' dir='ltr'>adorati</span> <span class='ocrx_word' id='word_1_169' title='bbox 1126 2822 1210 2888; x_wconf 87' lang='lat' dir='ltr'>filius</span> <span class='ocrx_word' id='word_1_170' title='bbox 1232 2846 1307 2887; x_wconf 90' lang='lat' dir='ltr'>cum</span> <span class='ocrx_word' id='word_1_171' title='bbox 1331 2825 1413 2888; x_wconf 79' lang='lat' dir='ltr'>Her·</span> 
     </span>
     <span class='ocr_line' id='line_1_24' title="bbox 356 2924 1414 3014; baseline -0.002 -23"><span class='ocrx_word' id='word_1_172' title='bbox 356 2926 428 2992; x_wconf 82' lang='lat' dir='ltr'>culs</span> <span class='ocrx_word' id='word_1_173' title='bbox 449 2926 592 2993; x_wconf 84' lang='lat' dir='ltr'>caelestis</span> <span class='ocrx_word' id='word_1_174' title='bbox 612 2927 704 2991; x_wconf 90' lang='lat' dir='ltr'>Jovis</span> <span class='ocrx_word' id='word_1_175' title='bbox 731 2924 797 2990; x_wconf 91' lang='lat' dir='ltr'>filio</span> <span class='ocrx_word' id='word_1_176' title='bbox 826 2925 919 2990; x_wconf 86' lang='lat' dir='ltr'>facile</span> <span class='ocrx_word' id='word_1_177' title='bbox 941 2925 1098 2990; x_wconf 85' lang='lat' dir='ltr'>confundi</span> <span class='ocrx_word' id='word_1_178' title='bbox 1120 2927 1260 3013; x_wconf 86' lang='lat' dir='ltr'>poterat,</span> <span class='ocrx_word' id='word_1_179' title='bbox 1291 2949 1414 3014; x_wconf 87' lang='lat' dir='ltr'>epony-</span> 
     </span>
     <span class='ocr_line' id='line_1_25' title="bbox 356 3026 1414 3118; baseline -0.002 -24"><span class='ocrx_word' id='word_1_180' title='bbox 356 3053 430 3095; x_wconf 91' lang='lat' dir='ltr'>mus</span> <span class='ocrx_word' id='word_1_181' title='bbox 442 3029 495 3094; x_wconf 91' lang='lat' dir='ltr'>ille</span> <span class='ocrx_word' id='word_1_182' title='bbox 508 3028 642 3118; x_wconf 88' lang='lat' dir='ltr'>quidem</span> <span class='ocrx_word' id='word_1_183' title='bbox 659 3028 771 3107; x_wconf 89' lang='lat' dir='ltr'>heros,</span> <span class='ocrx_word' id='word_1_184' title='bbox 793 3026 897 3115; x_wconf 87' lang='lat' dir='ltr'>qualis</span> <span class='ocrx_word' id='word_1_185' title='bbox 909 3029 1031 3108; x_wconf 89' lang='lat' dir='ltr'>Sabus,</span> <span class='ocrx_word' id='word_1_186' title='bbox 1052 3030 1230 3107; x_wconf 84' lang='lat' dir='ltr'>Romulus,</span> <span class='ocrx_word' id='word_1_187' title='bbox 1252 3029 1414 3108; x_wconf 86' lang='lat' dir='ltr'>Tarchon,</span> 
     </span>
     <span class='ocr_line' id='line_1_26' title="bbox 356 3131 1412 3217; baseline -0.003 -19"><span class='ocrx_word' id='word_1_188' title='bbox 356 3131 418 3203; x_wconf 81' lang='lat' dir='ltr'>alii.</span> <span class='ocrx_word' id='word_1_189' title='bbox 469 3133 739 3198; x_wconf 85' lang='lat' dir='ltr'>Demonstratum</span> <span class='ocrx_word' id='word_1_190' title='bbox 766 3152 845 3217; x_wconf 79' lang='lat' dir='ltr'>ergo</span> <span class='ocrx_word' id='word_1_191' title='bbox 868 3131 995 3198; x_wconf 87' lang='lat' dir='ltr'>videtur</span> <span class='ocrx_word' id='word_1_192' title='bbox 1017 3132 1114 3197; x_wconf 87' lang='lat' dir='ltr'>etiam</span> <span class='ocrx_word' id='word_1_193' title='bbox 1136 3131 1288 3211; x_wconf 87' lang='lat' dir='ltr'>Faleriis,</span> <span class='ocrx_word' id='word_1_194' title='bbox 1320 3132 1412 3214; x_wconf 88' lang='lat' dir='ltr'>Vejis</span> 
     </span>
     <span class='ocr_line' id='line_1_27' title="bbox 357 3233 1184 3321; baseline -0.004 -18"><span class='ocrx_word' id='word_1_195' title='bbox 357 3234 489 3303; x_wconf 87' lang='lat' dir='ltr'>Tusculi</span> <span class='ocrx_word' id='word_1_196' title='bbox 509 3234 615 3300; x_wconf 78' lang='lat' dir='ltr'>Salios</span> <span class='ocrx_word' id='word_1_197' title='bbox 638 3233 805 3321; x_wconf 85' lang='lat' dir='ltr'>quondam</span> <span class='ocrx_word' id='word_1_198' title='bbox 828 3245 970 3299; x_wconf 87' lang='lat' dir='ltr'>cantasse</span> <span class='ocrx_word' id='word_1_199' title='bbox 992 3236 1184 3300; x_wconf 84' lang='lat' dir='ltr'>sacerdotes.</span> 
     </span>
     <span class='ocr_line' id='line_1_28' title="bbox 440 3336 1411 3430; baseline -0.001 -27"><span class='ocrx_word' id='word_1_200' title='bbox 440 3336 567 3424; x_wconf 85' lang='lat' dir='ltr'>Quodsi</span> <span class='ocrx_word' id='word_1_201' title='bbox 589 3336 666 3401; x_wconf 89' lang='lat' dir='ltr'>hinc</span> <span class='ocrx_word' id='word_1_202' title='bbox 687 3359 760 3401; x_wconf 89' lang='lat' dir='ltr'>earn</span> <span class='ocrx_word' id='word_1_203' title='bbox 783 3337 1026 3403; x_wconf 87' lang='lat' dir='ltr'>conclusionem</span> <span class='ocrx_word' id='word_1_204' title='bbox 1049 3337 1156 3402; x_wconf 82' lang='lat' dir='ltr'>lacere</span> <span class='ocrx_word' id='word_1_205' title='bbox 1185 3337 1278 3402; x_wconf 87' lang='lat' dir='ltr'>licet:</span> <span class='ocrx_word' id='word_1_206' title='bbox 1305 3336 1411 3430; x_wconf 30' lang='lat' dir='ltr'>&#39;luisse</span> 
     </span>
     <span class='ocr_line' id='line_1_29' title="bbox 357 3439 1413 3528; baseline -0.002 -22"><span class='ocrx_word' id='word_1_207' title='bbox 357 3440 532 3528; x_wconf 86' lang='lat' dir='ltr'>antiquitus</span> <span class='ocrx_word' id='word_1_208' title='bbox 560 3439 690 3505; x_wconf 91' lang='lat' dir='ltr'>illorum</span> <span class='ocrx_word' id='word_1_209' title='bbox 714 3462 805 3504; x_wconf 88' lang='lat' dir='ltr'>arma</span> <span class='ocrx_word' id='word_1_210' title='bbox 828 3450 861 3504; x_wconf 88' lang='lat' dir='ltr'>et</span> <span class='ocrx_word' id='word_1_211' title='bbox 882 3440 1024 3505; x_wconf 87' lang='lat' dir='ltr'>carmina</span> <span class='ocrx_word' id='word_1_212' title='bbox 1047 3441 1080 3504; x_wconf 92' lang='lat' dir='ltr'>in</span> <span class='ocrx_word' id='word_1_213' title='bbox 1103 3439 1327 3528; x_wconf 91' lang='lat' dir='ltr'>compluribus</span> <span class='ocrx_word' id='word_1_214' title='bbox 1349 3443 1413 3505; x_wconf 91' lang='lat' dir='ltr'>lta-</span> 
     </span>
    </p>
   </div>
   <div class='ocr_carea' id='block_1_3' title="bbox 389 3662 1414 4178">
    <p class='ocr_par' dir='ltr' id='par_1_3' title="bbox 390 3662 792 3735">
     <span class='ocr_line' id='line_1_30' title="bbox 390 3662 792 3735; baseline 0 -15"><span class='ocrx_word' id='word_1_215' title='bbox 390 3662 427 3735; x_wconf 74' lang='grc' dir='ltr'>ι’)</span> <span class='ocrx_word' id='word_1_216' title='bbox 463 3665 585 3721; x_wconf 81' lang='lat' dir='ltr'>Macrob.</span> <span class='ocrx_word' id='word_1_217' title='bbox 604 3666 660 3722; x_wconf 88' lang='lat' dir='ltr'>Sat.</span> <span class='ocrx_word' id='word_1_218' title='bbox 678 3667 732 3731; x_wconf 84' lang='lat'>111,</span> <span class='ocrx_word' id='word_1_219' title='bbox 750 3668 792 3721; x_wconf 77' lang='lat'>12.</span> 
     </span>
    </p>

    <p class='ocr_par' dir='ltr' id='par_1_4' title="bbox 391 3749 904 3827">
     <span class='ocr_line' id='line_1_31' title="bbox 391 3749 904 3827; baseline -0.002 -18"><span class='ocrx_word' id='word_1_220' title='bbox 391 3749 429 3824; x_wconf 90' lang='lat'>¹¹)</span> <span class='ocrx_word' id='word_1_221' title='bbox 464 3753 540 3809; x_wconf 71' lang='lat' dir='ltr'>Sera.</span> <span class='ocrx_word' id='word_1_222' title='bbox 559 3753 634 3827; x_wconf 71' lang='lat' dir='ltr'>Virg.</span> <span class='ocrx_word' id='word_1_223' title='bbox 654 3756 722 3811; x_wconf 80' lang='lat' dir='ltr'>Aen.</span> <span class='ocrx_word' id='word_1_224' title='bbox 743 3754 824 3824; x_wconf 82' lang='lat' dir='ltr'>Vnt,</span> <span class='ocrx_word' id='word_1_225' title='bbox 845 3755 904 3810; x_wconf 71' lang='lat'>286.</span> 
     </span>
    </p>

    <p class='ocr_par' dir='ltr' id='par_1_5' title="bbox 389 3838 1414 4178">
     <span class='ocr_line' id='line_1_32' title="bbox 389 3838 1413 3916; baseline 0.002 -19"><span class='ocrx_word' id='word_1_226' title='bbox 389 3838 427 3913; x_wconf 84' lang='lat'>¹¹)</span> <span class='ocrx_word' id='word_1_227' title='bbox 462 3841 540 3898; x_wconf 77' lang='lat' dir='ltr'>Serv.</span> <span class='ocrx_word' id='word_1_228' title='bbox 558 3841 575 3897; x_wconf 87' lang='lat' dir='ltr'>l.</span> <span class='ocrx_word' id='word_1_229' title='bbox 593 3865 617 3899; x_wconf 83' lang='lat' dir='ltr'>e.</span> <span class='ocrx_word' id='word_1_230' title='bbox 641 3842 675 3899; x_wconf 85' lang='lat' dir='ltr'>de</span> <span class='ocrx_word' id='word_1_231' title='bbox 693 3843 798 3900; x_wconf 86' lang='lat' dir='ltr'>Morrio</span> <span class='ocrx_word' id='word_1_232' title='bbox 816 3855 897 3916; x_wconf 85' lang='lat' dir='ltr'>atque</span> <span class='ocrx_word' id='word_1_233' title='bbox 914 3842 996 3899; x_wconf 73' lang='lat' dir='ltr'>bleso</span> <span class='ocrx_word' id='word_1_234' title='bbox 1014 3857 1149 3899; x_wconf 82' lang='lat' dir='ltr'>memorat.</span> <span class='ocrx_word' id='word_1_235' title='bbox 1193 3844 1288 3900; x_wconf 89' lang='lat' dir='ltr'>Muell.</span> <span class='ocrx_word' id='word_1_236' title='bbox 1308 3845 1413 3902; x_wconf 83' lang='lat' dir='ltr'>Etruso.</span> 
     </span>
     <span class='ocr_line' id='line_1_33' title="bbox 458 3929 1414 4005; baseline 0.004 -20"><span class='ocrx_word' id='word_1_237' title='bbox 458 3930 493 3995; x_wconf 89' lang='lat' dir='ltr'>ll,</span> <span class='ocrx_word' id='word_1_238' title='bbox 510 3931 571 3993; x_wconf 76' lang='lat'><strong>27³.</strong></span> <span class='ocrx_word' id='word_1_239' title='bbox 588 3929 682 3986; x_wconf 76' lang='lat' dir='ltr'>mixtas</span> <span class='ocrx_word' id='word_1_240' title='bbox 701 3951 758 3987; x_wconf 85' lang='lat' dir='ltr'>esse</span> <span class='ocrx_word' id='word_1_241' title='bbox 777 3932 879 3986; x_wconf 81' lang='lat' dir='ltr'>fabulas</span> <span class='ocrx_word' id='word_1_242' title='bbox 897 3945 972 3986; x_wconf 87' lang='lat' dir='ltr'>recte</span> <span class='ocrx_word' id='word_1_243' title='bbox 990 3932 1071 3995; x_wconf 79' lang='lat' dir='ltr'>vidit,</span> <span class='ocrx_word' id='word_1_244' title='bbox 1091 3953 1170 4005; x_wconf 88' lang='lat' dir='ltr'>quum</span> <span class='ocrx_word' id='word_1_245' title='bbox 1189 3934 1282 3988; x_wconf 73' lang='lat' dir='ltr'>Alenus</span> <span class='ocrx_word' id='word_1_246' title='bbox 1300 3947 1327 3989; x_wconf 84' lang='lat' dir='ltr'>st</span> <span class='ocrx_word' id='word_1_247' title='bbox 1345 3935 1414 4005; x_wconf 76' lang='lat' dir='ltr'>Aga·</span> 
     </span>
     <span class='ocr_line' id='line_1_34' title="bbox 458 4018 1413 4095; baseline 0.002 -20"><span class='ocrx_word' id='word_1_248' title='bbox 458 4019 608 4075; x_wconf 86' lang='lat' dir='ltr'>memnonis</span> <span class='ocrx_word' id='word_1_249' title='bbox 634 4019 704 4075; x_wconf 86' lang='lat' dir='ltr'>lilius</span> <span class='ocrx_word' id='word_1_250' title='bbox 737 4032 765 4076; x_wconf 84' lang='lat' dir='ltr'>st</span> <span class='ocrx_word' id='word_1_251' title='bbox 790 4018 956 4075; x_wconf 86' lang='lat' dir='ltr'>Faleriorum</span> <span class='ocrx_word' id='word_1_252' title='bbox 984 4022 1057 4076; x_wconf 85' lang='lat' dir='ltr'>urbis</span> <span class='ocrx_word' id='word_1_253' title='bbox 1085 4022 1213 4079; x_wconf 84' lang='lat' dir='ltr'>conditor</span> <span class='ocrx_word' id='word_1_254' title='bbox 1238 4022 1413 4095; x_wconf 80' lang='lat' dir='ltr'>perhibentur</span> 
     </span>
     <span class='ocr_line' id='line_1_35' title="bbox 457 4106 1137 4178; baseline 0.003 -17"><span class='ocrx_word' id='word_1_255' title='bbox 457 4107 490 4161; x_wconf 85' lang='lat' dir='ltr'>cf.</span> <span class='ocrx_word' id='word_1_256' title='bbox 510 4106 593 4163; x_wconf 78' lang='lat' dir='ltr'>Orid.</span> <span class='ocrx_word' id='word_1_257' title='bbox 611 4108 808 4172; x_wconf 72' lang='lat' dir='ltr'>Fut.1V‚tt.</span> <span class='ocrx_word' id='word_1_258' title='bbox 849 4108 941 4162; x_wconf 79' lang='lat' dir='ltr'>Amor.</span> <span class='ocrx_word' id='word_1_259' title='bbox 960 4109 1016 4178; x_wconf 88' lang='lat'>111,</span> <span class='ocrx_word' id='word_1_260' title='bbox 1036 4111 1077 4172; x_wconf 82' lang='lat'>13,</span> <span class='ocrx_word' id='word_1_261' title='bbox 1094 4111 1137 4163; x_wconf 79' lang='lat'>32.</span> 
     </span>
    </p>
   </div>
   <div class='ocr_carea' id='block_1_4' title="bbox 389 4190 1412 4356">
    <p class='ocr_par' dir='ltr' id='par_1_6' title="bbox 389 4190 1412 4356">
     <span class='ocr_line' id='line_1_36' title="bbox 389 4190 1412 4270; baseline 0.002 -21"><span class='ocrx_word' id='word_1_262' title='bbox 389 4190 427 4264; x_wconf 81' lang='lat'>¹⁸)</span> <span class='ocrx_word' id='word_1_263' title='bbox 462 4193 543 4251; x_wconf 86' lang='lat' dir='ltr'>Hanc</span> <span class='ocrx_word' id='word_1_264' title='bbox 566 4215 694 4268; x_wconf 72' lang='lat' dir='ltr'>gemmam</span> <span class='ocrx_word' id='word_1_265' title='bbox 710 4197 814 4270; x_wconf 85' lang='lat' dir='ltr'>profert</span> <span class='ocrx_word' id='word_1_266' title='bbox 832 4197 956 4253; x_wconf 87' lang='lat' dir='ltr'>Gutberl.</span> <span class='ocrx_word' id='word_1_267' title='bbox 976 4217 1001 4270; x_wconf 90' lang='lat' dir='ltr'>p.</span> <span class='ocrx_word' id='word_1_268' title='bbox 1021 4198 1084 4263; x_wconf 81' lang='lat' dir='ltr'>lot,</span> <span class='ocrx_word' id='word_1_269' title='bbox 1103 4197 1214 4253; x_wconf 80' lang='lat' dir='ltr'>eandem</span> <span class='ocrx_word' id='word_1_270' title='bbox 1232 4196 1317 4251; x_wconf 76' lang='lat' dir='ltr'>Lausi</span> <span class='ocrx_word' id='word_1_271' title='bbox 1334 4197 1412 4269; x_wconf 72' lang='lat' dir='ltr'>saggi.</span> 
     </span>
     <span class='ocr_line' id='line_1_37' title="bbox 458 4279 1116 4356; baseline 0.005 -19"><span class='ocrx_word' id='word_1_272' title='bbox 458 4279 486 4336; x_wconf 89' lang='lat' dir='ltr'>di</span> <span class='ocrx_word' id='word_1_273' title='bbox 502 4281 592 4356; x_wconf 64' lang='lat' dir='ltr'>lingua</span> <span class='ocrx_word' id='word_1_274' title='bbox 608 4282 728 4340; x_wconf 80' lang='lat' dir='ltr'>Etrusca.</span> <span class='ocrx_word' id='word_1_275' title='bbox 744 4296 809 4341; x_wconf 89' lang='lat' dir='ltr'>tom.</span> <span class='ocrx_word' id='word_1_276' title='bbox 828 4285 862 4341; x_wconf 81' lang='lat' dir='ltr'>lt</span> <span class='ocrx_word' id='word_1_277' title='bbox 881 4284 934 4341; x_wconf 82' lang='lat' dir='ltr'>tab.</span> <span class='ocrx_word' id='word_1_278' title='bbox 954 4284 1010 4341; x_wconf 89' lang='lat' dir='ltr'>lV.·</span> <span class='ocrx_word' id='word_1_279' title='bbox 1020 4285 1073 4342; x_wconf 85' lang='lat' dir='ltr'>No.</span> <span class='ocrx_word' id='word_1_280' title='bbox 1090 4286 1116 4341; x_wconf 84' lang='lat' dir='ltr'>l.</span> 
     </span>
    </p>
   </div>
   <div class='ocr_carea' id='block_1_5' title="bbox 0 0 1704 5042">
    <p class='ocr_par' dir='ltr' id='par_1_7' title="bbox 0 0 1704 5042">
     <span class='ocr_line' id='line_1_38' title="bbox 0 0 1704 5042; baseline 0 1"><span class='ocrx_word' id='word_1_281' title='bbox 0 0 1704 5042; x_wconf 95' lang='lat' dir='ltr'> </span> 
     </span>
    </p>
   </div>
  </div>
 </body>
</html>
