3400 5042
849 543 923 616 130

356 720 404 784 Ut
425 718 563 782 omnino
585 718 672 805 apud
694 718 830 788 rusticos
852 718 1078 786 fascinationes
1099 722 1140 786 ad
1159 724 1346 788 animalium
1357 749 1417 812 po·

352 821 517 902 ⁴tissimum
549 820 686 898 coitum,
723 821 1002 907 procreationem,
1039 825 1175 888 morbos
1207 839 1416 913 mortemque

356 935 502 1010 spectare
529 924 690 999 solebant,
728 924 773 986 sic
801 925 1000 1008 putabantur
1026 926 1124 1012 vulgo
1151 915 1416 994 fascinationibus

356 1049 453 1113 saepe
472 1015 604 1090 ¹secretis
632 1024 774 1089 feminae
802 1024 855 1088 die
883 1026 1129 1112 nuptiarum'in
1157 1053 1275 1105 mares,
1308 1029 1415 1095 mares
1497 1032 1503 1042 ’

355 1127 388 1191 in
410 1128 548 1191 feminas
571 1127 684 1190 mutati
706 1149 774 1190 esse
790 1132 839 1204 ²⁰),
862 1126 894 1188 id
908 1128 997 1213 quod
1014 1130 1111 1192 etiam
1124 1129 1233 1194 fabula
1246 1131 1286 1195 de
1299 1133 1414 1197 Fauno

353 1230 388 1293 in
400 1230 504 1293 virum
516 1253 576 1317 per
587 1251 733 1292 errorem
746 1228 909 1292 indicente
919 1229 1087 1314 significari
1100 1232 1306 1296 crediderim.
1319 1234 1414 1318 Quae

354 1331 430 1396 inde
451 1332 545 1396 facile
568 1330 644 1395 oriri
666 1342 795 1418 poterat
817 1329 939 1416 opinio,
961 1332 1050 1416 quod
1073 1335 1105 1395 in
1123 1333 1211 1398 ltalia
1229 1348 1413 1400 ceterorum

352 1433 580 1520 prodigiorum
603 1432 799 1498 fertilissima
822 1433 918 1495 etiam
942 1431 1115 1496 bominum
1139 1457 1254 1520 genus,
1282 1438 1336 1524 qui
1360 1461 1415 1501 an·

349 1535 490 1623 ‘drogyni
513 1534 722 1611 vocabantur,
743 1556 810 1597 non
832 1556 907 1597 raro
930 1533 1156 1599 inveniebatur
1171 1543 1223 1618 ²¹).
1257 1540 1303 1602 Ut
1318 1539 1414 1625 igitur

352 1636 516 1700 obscoena
538 1635 649 1700 fascini
673 1633 779 1720 effigie
800 1633 1027 1700 fascinationes
1049 1660 1066 1700 a
1091 1639 1201 1724 pueris
1223 1640 1324 1703 arceri
1352 1661 1412 1727 pu·

351 1739 518 1814 tabantur,
547 1737 591 1800 sic
613 1736 782 1800 obscoenis
803 1736 1062 1824 jocularibusque
1086 1739 1146 1802 illis
1169 1741 1314 1804 versibus
1336 1766 1412 1806 cum

350 1840 480 1926 publica
507 1839 673 1924 voluptate
700 1839 821 1917 jactatis
849 1863 912 1902 uua
940 1839 1164 1904 fascinationes
1193 1841 1264 1905 illae
1292 1855 1413 1907 stoma-

350 1939 534 2029 chosaeque
556 1963 650 2003 sexus
672 1940 772 2016 vices,
805 1952 837 2003 et
863 1964 962 2004 omne
989 1941 1078 2028 quod
1106 1943 1287 2008 disturbare
1314 1947 1412 2024 justas

349 2044 477 2130 nuptias
498 2053 609 2129 posset
630 2043 730 2105 averti
753 2054 785 2105 et
805 2041 918 2128 repelli
941 2043 1140 2111 credebatur.
1215 2082 1217 2086 ·

432 2145 627 2211 Uberiorem
648 2165 726 2206 vero
749 2142 916 2206 habebant
944 2143 1093 2209 homines
1123 2145 1291 2209 deridendi
1314 2148 1410 2212 cavil-

349 2246 501 2333 landique
524 2246 710 2321 materiem,
743 2244 798 2307 ubi
821 2257 876 2307 aut
897 2268 1052 2331 sponsus,
1085 2259 1140 2310 aut
1161 2270 1279 2333 sponsa
1306 2263 1411 2316 aetate

347 2349 536 2434 provectior
567 2345 750 2423 videbatur,
788 2369 885 2432 quam
914 2347 969 2434 qui
1002 2350 1189 2434 nuptiarum
1222 2354 1411 2417 muneribus

347 2449 438 2534 fungi
462 2461 494 2513 et
514 2459 627 2536 posset
648 2459 680 2511 at
701 2447 845 2511 deberet.
877 2450 997 2535 'ltaque
1020 2449 1128 2517 fabula
1151 2451 1212 2527 illa,
1234 2475 1297 2539 qua
1319 2454 1410 2519 Mars

239 2539 242 2544 ’
348 2545 487 2615 velatam
510 2547 609 2616 anum
632 2571 693 2636 pro
716 2561 822 2613 amata
837 2551 982 2614 Minerva
1006 2552 1157 2638 amplecti
1180 2555 1295 2640 coepit,
1316 2553 1410 2620 facile

347 2653 517 2739 colligitur,
539 2651 660 2716 similes
682 2652 783 2730 jocos,
808 2663 948 2730 errores,
970 2651 1111 2717 fallacias
1132 2653 1164 2717 iu
1187 2656 1307 2742 nuptiis
1329 2657 1410 2741 agri·

346 2749 492 2818 colatum
514 2754 647 2818 usitatos
670 2751 768 2816 fuisse
790 2776 952 2817 unacum
974 2756 1120 2819 versibus
1139 2757 1356 2836 Fescenninis,
1377 2770 1410 2822 et

346 2856 379 2920 in
401 2856 557 2944 gaudium
583 2855 792 2918 convivarum
815 2855 909 2918 etad
938 2878 1028 2920 veras
1056 2856 1183 2921 habitus
1202 2859 1408 2924 mutationes

345 2958 519 3022 evitandas.
643 2960 646 2965 ’

429 3061 502 3123 Hoc
523 3060 620 3145 igitur
641 3080 736 3121 sensu
759 3080 796 3121 ac
817 3057 942 3122 ratione
959 3059 1045 3144 apud
1059 3060 1405 3128 Romanosobscoena

345 3161 475 3226 dicteria
504 3161 650 3225 versibus
677 3159 914 3238 fundebantur,
947 3173 1001 3223 aut
1028 3185 1045 3224 a
1074 3161 1217 3226 convivis
1243 3175 1317 3227 ante
1343 3166 1406 3229 tori

344 3275 489 3349 portam,
522 3275 576 3327 aut
598 3263 637 3325 ab
662 3262 862 3325 amatoribus
884 3262 981 3325 ebriis
1004 3262 1043 3325 ad
1067 3263 1189 3328 amicae
1211 3264 1327 3343 limen,
1352 3279 1408 3331 aut

344 3388 361 3429 a
388 3365 477 3429 laetis
510 3363 658 3450 agricolis
690 3374 764 3450 post
797 3387 953 3442 messem,
990 3377 1045 3428 aut
1077 3365 1218 3453 denique
1246 3391 1263 3430 a
1290 3369 1407 3454 puellis

342 3466 480 3552 publicis
502 3467 635 3544 Florae,
657 3467 794 3529 Veneris
817 3465 990 3552 Erycinae,
1018 3470 1130 3532 Annae
1152 3468 1319 3533 Perennae
1341 3471 1407 3534 die-

342 3569 404 3632 bus
436 3568 527 3632 festis
549 3567 603 3650 ²²).
664 3566 853 3630 Aretissime
886 3568 981 3652 igitur
1012 3591 1086 3634 cum
1121 3569 1190 3655 ipsa
1223 3581 1336 3635 natura
1369 3596 1406 3637 ac

341 3670 475 3757 propria
506 3670 659 3734 facultate
692 3667 809 3732 harum
841 3692 948 3733 rerum
986 3668 1221 3748 cohaerebant,
1263 3670 1405 3761 ideoque

341 3771 477 3837 minime
504 3793 571 3837 uno
603 3770 835 3834 tantummodo
874 3769 1034 3857 oppidulo
1067 3772 1129 3835 orti
1165 3794 1249 3838 esse.
1268 3787 1406 3859 possunt

341 3896 452 3938 versus
473 3870 675 3940 Fescennini.

384 4034 407 4068 ²⁰
441 4035 552 4091 Gellius.
571 4037 604 4090 N.
623 4036 656 4090 Α.
674 4037 722 4100 lx.
740 4036 765 4090 4.

384 4121 407 4156 ¹¹
442 4123 497 4180 Cic.
516 4125 579 4179 Div.
599 4124 619 4188 l.
637 4125 686 4191 ss,
704 4124 762 4178 Liv.
780 4121 896 4188 xxvn,
915 4124 961 4189 ll·,
980 4124 1051 4180 Plin.
1070 4125 1108 4180 H.
1126 4127 1161 4180 N.
1180 4127 1215 4193 V,
1232 4130 1257 4182 2.

384 4209 407 4243 ¹²
438 4210 651 4355 deb'llovraliolgs
669 4211 702 4268 cf.
722 4209 804 4267 ovid.
823 4210 897 4266 Fast.
917 4211 952 4280 V,
969 4211 1035 4278 ³³⁹5
1054 4212 1088 4268 da
1106 4212 1221 4270 Veneris
1239 4216 1402 4274 solemnibus

501 4333 507 4352 .
566 4337 574 4364 ,
645 4339 651 4354 .
