3400 5042
845 544 918 617 128

352 721 477 808 oppido
500 732 535 784 ut
556 719 704 796 Faleriis,
742 719 834 794 Veiis
863 743 937 782 cum
966 721 1072 784 Rome
1105 719 1257 785 historica
1284 720 1412 787 ratione

350 823 527 912 antiquitus
548 820 727 902 conjunctis
748 844 788 885 eo
810 822 1005 908 pervenisse.

434 923 485 989 Ad
508 923 588 988 haec
609 923 699 1011 quod
721 922 877 988 Munlrius
898 924 1025 1010 profert
1041 927 1081 1005 ¹²)
1093 925 1247 1010 ambiguo
1259 926 1412 1013 Dionysii

351 1028 425 1092 loco
447 1025 563 1103 fretus,
594 1027 627 1090 in
654 1025 778 1112 oppido
805 1026 985 1091 Fescennis
1008 1049 1025 1090 s
1046 1026 1225 1113 peregrinis
1251 1051 1320 1091 non
1346 1028 1412 1092 sre-

351 1139 506 1217 quentato
529 1127 647 1191 diutius
668 1127 811 1213 integros
833 1130 988 1192 mansisse
1015 1151 1076 1214 per
1096 1129 1232 1214 longum
1253 1129 1411 1216 temporis

350 1230 490 1318 spatium
503 1229 654 1316 antiquos
665 1229 824 1308 ejusmodi
838 1253 958 1308 versus,
977 1229 1074 1293 firmo
1086 1242 1173 1295 caret
1183 1231 1408 1295 fundamento.

350 1333 438 1396 Nam
465 1331 610 1418 primurn
639 1331 723 1394 inter
749 1342 871 1395 ceteras
898 1354 949 1395 res
979 1332 1141 1418 antiquas,
1180 1355 1259 1420 quas
1287 1331 1410 1396 ibidem

351 1433 528 1521 Dionysius
550 1431 672 1496 invenit
685 1437 734 1512 ¹⁸),
756 1433 855 1496 etiarn
871 1433 952 1509 illos,
973 1433 997 1498 si
1020 1434 1159 1510 vidisset,
1181 1445 1411 1510 enumerasset,

338 1550 422 1603 'tum
443 1535 522 1600 situs
543 1531 690 1622 oppiduli
706 1532 739 1596 in
756 1534 806 1598 via
822 1533 956 1599 Faleriis
974 1536 1117 1600 Romam
1133 1536 1271 1600 ducente
1290 1535 1412 1610 elsecit,

351 1650 387 1704 ut
407 1661 475 1703 non
495 1646 606 1723 posset
626 1657 693 1698 non
714 1635 832 1700 visitari
844 1658 862 1699 a
874 1635 984 1700 multis
1005 1637 1066 1701 iter
1086 1636 1287 1703 facientibus.
1315 1636 1412 1701 Prse·

350 1752 439 1806 teres
460 1759 559 1802 nemo
582 1736 777 1824 scriptorum
800 1759 859 1801 suo
881 1748 1027 1824 tempore
1050 1737 1093 1803 ibi
1114 1738 1412 1804 carminsillacsn·

351 1843 441 1906 titsta
464 1838 558 1904 certis
579 1838 686 1902 verbis
708 1838 793 1904 dicit.

358 2024 360 2029 .
434 1944 479 2006 At
505 1940 592 2004 enim
624 1942 792 2006 Fescennia
819 1953 851 2006 et
871 1945 1054 2007 Fescenns'ni
1082 1965 1151 2007 non
1184 1953 1232 2006 est
1263 1941 1409 2020 dubium,

352 2044 430 2132 quin
457 2066 474 2108 s
493 2044 618 2124 fascino
647 2041 877 2107 deducendum
904 2045 956 2120 sit,
994 2042 1083 2130 quod
1113 2043 1247 2131 quidem
1274 2045 1411 2108 Verrius

351 2147 486 2212 Flaccus
508 2167 525 2208 a
539 2146 640 2226 fando
664 2154 696 2207 et
708 2149 767 2226 fos
789 2144 928 2223 derivet,
955 2143 1042 2208 idem
1065 2145 1129 2209 alio
1154 2145 1229 2210 loco
1251 2145 1411 2233 interpre-

351 2259 455 2312 tatus:
498 2249 698 2310 »Fescemnoe
730 2246 933 2310 vocabantur
964 2246 1019 2332 qui
1052 2246 1215 2334 depellere
1246 2251 1410 2312 Fascs'rsum

351 2349 564 2436 putabantur«
582 2354 629 2426 ¹⁴).
672 2348 719 2412 Ut
740 2346 834 2433 igitur
855 2351 974 2411 obscum
994 2371 1051 2411 seu
1077 2353 1192 2432 opr‘cum
1218 2349 1251 2412 in
1277 2357 1410 2434 antiquis

351 2449 594 2516 commentariis
614 2474 733 2514 esserum
758 2449 950 2527 vocabatur,
982 2470 1087 2535 aquo
1109 2451 1207 2512 etiarn
1232 2451 1332 2514 verba
1358 2457 1411 2516 im·

348 2560 494 2638 pudentia
514 2556 641 2616 obsceno
661 2563 736 2616 sunt
757 2550 839 2614 dicto
857 2554 914 2629 ¹⁵),
944 2549 990 2613 sic
1002 2550 1159 2632 fascinum
1185 2551 1324 2616 verbum
1345 2553 1410 2639 pri-

351 2678 443 2720 mum
451 2659 660 2741 praefationes
670 2658 947 2738 incantatsonesque
956 2652 1215 2734 magnanimum
1225 2666 1411 2734 nocentem,

394 2937 430 3010 ¹²)
448 2939 545 2995 Mnnk.
564 2942 598 2996 de
615 2942 667 2997 tab.
686 2940 768 2996 Atell.
785 2961 811 3013 p.
829 2940 871 2995 1³.

384 3025 431 3097 ³¹⁸)
450 3028 565 3100 Dionys.
584 3030 647 3084 Ant.
664 3030 742 3085 Rom.
761 3030 783 3092 l,
799 3030 848 3083 21:
881 3025 1001 3106 datdeus
1021 3022 1047 3084 dl
1067 3027 1114 3083 sal
1135 3025 1284 3102 duruisse,
1303 3023 1342 3086 ’s‘ss
1362 3029 1409 3085 susl

453 3128 475 3187 te
496 3126 540 3198 tut
561 3113 624 3188 siras
646 3116 788 3196 οἰκούμεναι
808 3117 859 3180 ὀπὶ
877 3120 1014 3196 Ῥωμαίων,
1034 3117 1119 3202 pesga*
1139 3113 1214 3179 sim
1233 3118 1408 3200 tascdgwcas

453 3215 560 3299 ζᾶπνςα
581 3219 626 3276 essi
646 3219 811 3287 Holus-qussi
830 3216 928 3291 γένους,
964 3217 1072 3274 zeusis
1096 3211 1262 3296 s‘xss'gxsvrsss
1287 3215 1409 3300 rgirsgss.

452 3319 474 3371 is
501 3309 612 3377 rsss‘ssm
638 3309 740 3388 dss'psssst
770 3308 860 3372 πολλοὶ
884 3315 931 3370 seis
959 3310 1073 3392 donatiui
1098 3308 1290 3388 dssssspsu'trus,
1325 3311 1360 3377 οἷς
1379 3309 1410 3371 si

450 3404 590 3474 ‘Entsssss's
610 3407 669 3468 ποτ’
688 3404 833 3489 implesses,
854 3409 896 3466 ἰπὶ
916 3403 1039 3483 pssissrrss
1059 3402 1151 3488 κρίνον.
1210 3408 1410 3462 Enumerantur

451 3515 508 3558 tuns
525 3505 633 3577 entique
650 3502 705 3568 ills.
724 3501 954 3560 Fescenninorum
972 3503 1047 3558 nulls
1062 3502 1199 3558 mentione
1216 3502 1293 3558 l‘scts.
1328 3503 1411 3557 Prse-
1477 3560 1481 3564 ,

451 3605 525 3647 teres
543 3592 576 3646 de
595 3591 739 3663 Pelasgicis
756 3590 857 3646 ibidem
875 3591 1047 3662 religionibus
1070 3590 1225 3662 quibusdem
1245 3588 1410 3664 potissimum

451 3677 578 3751 loquitur.
611 3678 701 3748 Quum
718 3699 802 3752 prope
819 3677 940 3733 Falerios
958 3677 1025 3734 lines
1038 3678 1219 3745 Etruscorum,
1236 3679 1411 3744 Umbrorum,

452 3765 612 3822 Sabinorum
630 3787 719 3838 agrurn
736 3768 887 3822 Romanum
904 3778 1058 3838 tangerent,
1075 3764 1134 3820 lieri
1151 3786 1209 3820 non
1225 3767 1326 3838 potuit,
1344 3765 1410 3839 quin

452 3854 480 3907 in
497 3856 541 3908 via
558 3854 671 3908 Faleriis
690 3856 802 3909 Romam
821 3853 937 3908 ducente
954 3853 1077 3908 crebrum
1095 3866 1166 3909 esset
1182 3853 1375 3910 commercium.

399 3938 436 4009 ¹⁴)
454 3941 527 3996 Fest.
544 3962 569 3995 v.
580 3942 744 3997 Fescemnoe
761 3961 787 4014 p.
804 3940 846 3996 86.
866 3940 911 3995 vel
927 3941 1040 3996 msxisne
1057 3941 1153 3998 incerti
1170 3940 1248 3998 serbi
1264 3940 1409 4016 scriptione

453 4029 488 4084 K.
508 4028 544 4084 Ο.
563 4028 726 4084 Muellerum
743 4041 847 4084 secutus
866 4047 931 4082 suns.

396 4111 432 4184 u)
450 4116 521 4171 Fest.
539 4135 565 4171 v.
583 4114 700 4172 Obscum
719 4136 745 4189 p.
765 4116 823 4172 1⁸9.
853 4115 929 4170 Psul.
947 4116 983 4171 D.
1006 4135 1047 4173 n:
1069 4115 1190 4172 obtentu
1211 4115 1309 4172 dicitnr
1329 4116 1410 4188 tigni·

451 4200 531 4259 licsrs
547 4223 664 4274 ssorum,
691 4203 764 4260 unde
783 4218 810 4260 et
826 4200 898 4278 leges
915 4203 1039 4261 obscstes
1057 4203 1087 4259 id
1104 4217 1145 4260 sst
1161 4217 1286 4262 sscrstss.
1303 4223 1331 4278 p.
1349 4202 1409 4260 tte.

450 4287 516 4346 ibid·
532 4307 560 4348 s·
578 4289 702 4367 Opicum.
