3400 5042
819 508 870 580 83

400 687 476 748 Jam
500 706 578 747 vero
601 683 791 748 temeritatis
813 708 883 748 esse
905 684 1014 748 nescio
1037 707 1078 747 an
1093 683 1196 747 videri
1218 706 1286 748 non
1306 705 1381 770 pos-

318 789 366 865 sit,
388 788 413 850 si
437 810 621 851 connexum
639 786 735 849 trium
755 788 915 866 ejusmodi
932 787 1115 852 carminum
1131 809 1171 850 ex
1185 785 1236 850 his
1248 785 1380 851 divulsis

319 889 552 976 discerptisque
575 913 690 952 eorum
712 889 856 976 reliquiis
878 912 940 976 pro
963 912 1130 953 sacrorum
1152 888 1192 953 ad
1211 912 1294 977 quae
1310 912 1381 976 spe·

319 1005 406 1056 etant
437 991 608 1079 generibus
641 993 831 1079 compositis
865 992 1000 1056 divinari
1034 1003 1066 1056 et
1091 991 1288 1056 adumbrare
1319 990 1381 1056 hac

318 1097 442 1159 ratione
465 1117 631 1158 conamur.

403 1197 551 1260 Primum
585 1197 679 1281 igitur
708 1195 864 1260 Calendis
897 1196 1037 1273 Martiis,
1075 1195 1131 1259 ubi
1163 1192 1382 1261 movebantur

319 1300 433 1364 ancilia
455 1323 530 1362 cum
551 1298 701 1384 tripudiis
725 1298 888 1363 Saliorum
910 1298 950 1362 ad
980 1321 1103 1362 annum
1132 1298 1380 1386 quodammodo

319 1401 588 1487 inaugurandum,
611 1402 707 1466 etiam
729 1401 794 1464 hoc
815 1401 923 1486 ipsum
946 1402 1116 1486 augurium
1138 1401 1280 1466 carmine
1302 1403 1383 1466 ceci·

321 1504 404 1567 nisse
426 1503 607 1568 sacerdotes
629 1515 781 1579 vetustos,
803 1503 948 1566 indicant
967 1502 1048 1567 haec
1069 1504 1177 1567 verba.

485 1611 653 1690 Praepcies
674 1631 745 1670 aves
762 1640 768 1654 ·
783 1611 888 1690 pesnis
905 1638 912 1653 ·
929 1608 1065 1688 afholunt
1082 1641 1088 1656 ·
1106 1614 1228 1692 sesopia
1244 1641 1251 1656 ·
1267 1614 1381 1672 sonieio

485 1713 614 1792 tripudio
632 1741 639 1757 ·
657 1713 826 1772 arlrumavit
845 1741 851 1756 ·
870 1714 995 1787 augurio
1017 1724 1181 1774 rumentum
1202 1716 1298 1774 estod.

320 1810 501 1892 cujusmodi
524 1810 695 1896 augurium
712 1810 834 1875 Sabidii
859 1810 891 1873 in
913 1812 1150 1877 commentario
1173 1811 1286 1878 Saliari
1308 1835 1382 1898 per·

319 1915 475 2000 scriptum
498 1912 690 1976 invenimus.
712 1913 752 1977 cf.
774 1935 871 1998 supra
892 1924 959 1976 not.
985 1919 1052 1980 107.

407 2014 587 2101 Amplioris
609 2038 687 2078 vero
716 2016 868 2079 carminis
895 2014 955 2079 has
982 2014 1143 2080 habemus
1175 2016 1326 2103 reliquias
1350 2027 1383 2080 et

320 2117 445 2182 indicis.
489 2117 705 2181 Docetenim
732 2117 878 2203 primurn
903 2118 944 2182 de
972 2141 1038 2204 quo
1065 2117 1190 2203 egimus
1217 2118 1382 2204 fragmen-

320 2232 406 2297 tum,
440 2219 545 2283 Salios
571 2222 604 2281 in
626 2220 779 2284 canendis
808 2223 905 2285 sacris
927 2244 944 2284 a
967 2222 1053 2284 Jano
1076 2219 1136 2283 rite
1158 2219 1315 2305 incipere,
1347 2219 1382 2283 in

320 2322 421 2385 altero
443 2323 508 2402 jam
532 2320 670 2383 vidimus
688 2333 758 2385 exta
775 2324 808 2386 in
827 2323 926 2386 ollam
940 2322 1017 2400 dari,
1037 2323 1227 2409 Janumque
1239 2323 1382 2386 eundem

318 2423 497 2508 indigetari,
518 2434 553 2486 ut
575 2423 608 2486 in
630 2422 767 2487 effatum
788 2426 977 2510 pomerium
995 2423 1035 2487 ad
1048 2424 1182 2510 epulum
1193 2424 1382 2489 lectisterni-

320 2548 442 2613 umque
464 2525 568 2588 intret.
603 2524 692 2609 Quid
716 2525 835 2612 igitur?
856 2527 977 2591 Nonne
999 2526 1033 2589 in
1054 2526 1166 2612 aprico
1189 2537 1237 2590 est
1256 2538 1383 2590 utrum-

319 2652 382 2715 que
403 2627 624 2713 fragmentum
647 2628 742 2690 unius
765 2628 976 2715 ejusdemque
996 2627 1107 2692 Januli
1130 2628 1281 2692 carminis
1303 2652 1381 2698 esse.

318 2731 438 2794 Nonne
471 2742 727 2794 consentaneum
756 2742 805 2794 est
832 2743 907 2817 post
939 2753 1069 2795 versum
1101 2729 1194 2794 illum
1225 2730 1381 2794 initialem

319 2833 416 2896 etiam
455 2843 575 2896 ceteras
619 2831 782 2896 solemnes
825 2833 1038 2898 caerimonias
1076 2832 1141 2896 huc
1176 2834 1382 2918 pertinentes,

319 2947 494 3021 antequam
518 2933 557 2997 de
580 2933 760 3021 coquendis
783 2935 862 2999 extis
884 2947 1011 3021 agatur,
1043 2934 1162 2999 eodem
1183 2936 1216 2998 in
1238 2937 1381 2999 carmine

318 3048 516 3101 memoratas
539 3040 626 3100 esse?
659 3037 789 3100 Etenim
811 3037 934 3124 singula
956 3037 1055 3102 verba
1068 3036 1200 3101 Saliaria
1227 3036 1381 3101 facillime

318 3140 402 3203 inter
423 3151 599 3225 utrumque
623 3137 844 3225 fragmentum
866 3138 944 3202 illud
967 3162 1007 3202 eo
1030 3139 1143 3202 ordine
1166 3138 1328 3225 interponi
1350 3152 1382 3203 et

317 3241 496 3306 intercalari
518 3251 668 3326 possunt,
700 3253 736 3304 ut
757 3252 905 3304 accurate
932 3263 1143 3327 progressum
1171 3241 1383 3305 caerimonia-

317 3367 392 3406 rum
415 3342 572 3419 sacrificii,
603 3342 687 3406 inter
707 3343 947 3428 praefationem
968 3343 1045 3406 Jani
1068 3354 1100 3406 et
1122 3354 1192 3406 exta
1219 3342 1253 3406 in
1282 3342 1382 3407 ollam

318 3446 391 3510 data
421 3446 573 3530 deinceps
600 3443 661 3506 rite
689 3466 723 3507 se
753 3445 997 3531 excipientium,
1039 3444 1149 3530 sequi,
1190 3456 1222 3508 et
1248 3467 1381 3508 sensum

318 3547 565 3634 deperditorum
587 3569 742 3609 versuum
764 3570 870 3632 paene
898 3547 1060 3632 integrum
1088 3544 1224 3610 reddere
1250 3545 1382 3610 videan-

317 3661 378 3713 tur.
422 3650 519 3714 Hunc
540 3649 637 3734 igitur
657 3646 819 3712 habemus
840 3671 1046 3713 connexum:

305 3749 508 3824 ,Praefantur
528 3753 633 3814 Jano:

418 3857 527 3918 Divum
548 3868 648 3937 emptu
670 3867 774 3930 cante,
805 3858 915 3918 Divum
936 3859 992 3917 deo
1013 3857 1200 3937 supplicante
1213 3854 1278 3932 ¹¹⁶).

353 4096 399 4164 ¹¹⁶)
419 4096 531 4151 Versum
550 4097 586 4153 sic
604 4111 680 4152 verto

523 4184 581 4240 Der
601 4184 717 4242 Goetter
734 4184 911 4240 Erkolrrenes
929 4184 1013 4257 singt,
1031 4204 1091 4240 zum
1110 4184 1179 4239 Gott
1197 4185 1247 4239 der
1266 4183 1381 4241 Goetter

742 4271 844 4327 batend
863 4273 943 4343 singt.
