3400 5042
844 497 895 569 52

341 683 562 737 memoratum
595 673 712 738 inveni.
766 674 959 739 Posterioris
986 698 1066 741 vero
1095 677 1206 742 aetatis
1232 679 1406 766 scriptores

342 775 397 858 qui
419 774 460 839 de
482 789 729 842 axamentorum
753 778 886 864 singulis
908 778 1016 844 verbis
1033 779 1188 859 referunt,
1209 781 1407 865 thuincti-

340 878 455 958 lianus,
476 879 612 959 Nonius,
633 879 834 957 Macrobius,
861 879 1095 968 Symmachus,
1129 882 1281 948 Sidonius
1303 885 1406 970 Apol-

339 981 464 1068 linaris,
501 983 658 1062 Isidorus,
694 1006 761 1048 non
795 983 870 1046 satis
901 983 1017 1070 liquet,
1062 985 1180 1072 quibus
1208 1010 1226 1049 e
1260 986 1404 1050 sontibus

339 1081 521 1160 hauserint;
553 1107 753 1172 quamquam
775 1085 983 1150 Macrobium
1006 1087 1150 1150 carmina
1173 1088 1337 1152 Saliorum
1358 1089 1403 1152 le-

338 1186 429 1274 gisse,
450 1187 516 1253 duo
538 1188 759 1253 Saturnalium
780 1187 844 1254 loci
866 1211 941 1252 cum
970 1188 1099 1253 duobus
1120 1190 1309 1277 fragmentis
1331 1215 1399 1255 axa·

337 1301 526 1355 mentorum
538 1303 684 1356 accurate
697 1292 934 1355 consentientes
946 1289 1109 1356 affirmare
1122 1293 1281 1363 videntur.
1294 1297 1402 1380 Atque

336 1390 426 1457 idem
448 1393 489 1458 de
511 1393 666 1458 Terentio
695 1393 818 1459 Scauro
847 1416 980 1481 quoque
1008 1394 1131 1473 valere,
1164 1395 1402 1482 conspiciture

335 1492 519 1581 fragmento
552 1495 696 1583 quodam
728 1495 814 1584 apud
851 1494 940 1561 hunc
976 1497 1225 1582 grammaticum
1265 1509 1402 1575 servato,

336 1619 443 1684 neque
470 1599 580 1684 ignota
606 1598 705 1663 luisse
732 1597 824 1662 Velio
857 1598 984 1685 Longio
1018 1600 1085 1685 ipsa
1119 1611 1289 1666 aramenta
1324 1599 1400 1663 iude

336 1701 540 1782 conjecerim,
562 1701 651 1788 quod
673 1699 800 1765 literam
811 1727 827 1764 z
840 1701 873 1765 in
884 1701 921 1764 iis
934 1700 1114 1764 adhibitam
1131 1702 1184 1766 ille
1196 1703 1301 1781 tradit,
1323 1703 1400 1766 Flo-

334 1803 453 1867 remini
483 1814 569 1868 certe
598 1801 732 1889 quidem
761 1803 921 1866 Varronis
951 1803 1072 1868 codicis
1107 1805 1237 1891 scriptio
1266 1806 1307 1869 de
1336 1828 1398 1895 qua

333 1902 417 1968 infra
438 1903 621 1970 videbimus
643 1903 794 1974 affirmat.

415 2008 493 2072 Jam
515 2031 593 2073 vero
616 2008 740 2072 ratione
762 2006 872 2072 habita
895 2019 927 2072 et
947 2008 1156 2074 saltationum
1175 2009 1347 2074 Saliarium
1366 2021 1398 2072 et

333 2123 584 2176 axamentorum
617 2110 760 2174 nominis
788 2122 820 2173 et
846 2109 1063 2198 interpretum
1093 2111 1318 2199 antiquorum,
1356 2111 1397 2174 ad

332 2224 486 2302 quartum
506 2213 585 2279 illud
608 2212 716 2291 venio,
737 2223 773 2275 ut
794 2211 1037 2292 demonstrem,
1058 2236 1125 2301 quo
1147 2212 1399 2300 argumentatio·

331 2319 380 2384 nis
401 2341 520 2407 genere
542 2316 644 2380 fretus
665 2315 789 2401 aliquot
809 2315 897 2379 Festi
927 2315 1049 2402 glossas
1078 2315 1255 2381 Saliaribus
1282 2316 1397 2380 carmi-

330 2421 427 2487 nibus
453 2418 700 2498 vindicaverim,
735 2439 883 2505 quosque
911 2430 1058 2484 auctores
1080 2419 1112 2482 in
1140 2441 1177 2483 ea
1203 2441 1239 2482 re
1267 2429 1396 2483 secutus

330 2523 401 2590 sim.

413 2623 613 2691 Observavit
632 2623 728 2711 igitur
748 2620 788 2686 de
810 2621 908 2687 Festo
923 2622 964 2686 K.
977 2620 1020 2687 Ο.
1032 2622 1210 2688 Muellerus
1225 2627 1286 2701 ¹⁰⁸),
1307 2619 1395 2685 hunc

329 2729 371 2794 ab
393 2749 434 2793 eo
455 2737 647 2814 usurpatum
670 2747 738 2790 esse
760 2723 911 2788 ordinem
933 2722 1124 2810 glossarum,
1146 2735 1183 2789 ut
1204 2723 1394 2811 complures

329 2851 443 2896 earum
465 2851 504 2894 ex
525 2849 592 2892 uno
615 2826 800 2914 eodemque
823 2825 982 2913 scriptore
1004 2827 1056 2892 vel
1084 2827 1251 2892 literarum
1279 2848 1396 2891 monu-

327 2943 442 2998 mento
465 2932 677 3019 depromptas
688 2929 841 3016 deinceps
854 2942 1001 3016 poneret,
1022 2931 1149 3017 primae
1161 2926 1393 2995 tantummodo

328 3036 506 3100 verborum
531 3032 644 3097 literae
666 3032 791 3097 ratione
812 3030 933 3101 habita.
977 3032 1031 3098 Sic
1052 3033 1087 3097 in
1109 3032 1305 3121 quibusdam
1326 3030 1395 3116 pla-

327 3137 409 3225 gulis
432 3134 534 3200 Paulli
556 3147 589 3199 et
610 3135 696 3200 Festi
719 3157 896 3199 numerum
919 3135 1101 3221 glossarum
1129 3134 1283 3221 deinceps
1306 3132 1396 3196 inve--

326 3240 434 3304 nimus
456 3240 614 3324 scriptum
636 3237 730 3302 etad
752 3261 804 3301 res
825 3260 931 3303 sacras
953 3237 1179 3324 spectantium,
1201 3249 1234 3302 et
1250 3234 1393 3322 speciem

325 3341 448 3429 priscae
470 3339 704 3427 obsoletaeque
726 3339 856 3427 linguae
878 3340 1013 3404 Latinae
1040 3363 1118 3427 prae
1146 3363 1181 3403 se
1209 3338 1393 3415 serentium,

326 3466 465 3532 quarum
486 3465 560 3529 pars
582 3453 637 3506 aut
658 3441 756 3527 ipsius
778 3441 944 3529 scriptoris
971 3442 1077 3507 verbis
1105 3440 1157 3505 vel
1184 3441 1325 3506 aliorum
1346 3451 1394 3504 te·

325 3545 486 3612 stimoniis
514 3543 628 3609 Saliari
656 3543 790 3609 carmini
823 3543 1016 3624 vindicatur,
1048 3556 1104 3610 aut
1131 3543 1231 3621 Aelii,
1264 3541 1393 3619 Clonii,

326 3646 430 3736 Opilii
450 3645 640 3712 nominibus
661 3643 712 3710 vel
735 3644 876 3712 formula
886 3645 1093 3729 hujusmodi:
1115 3650 1393 3733 autiquidr‘cebant,

324 3773 399 3817 seu:
421 3755 504 3837 apud
523 3755 664 3834 untrbuos
685 3749 832 3835 apposita
854 3749 1045 3836 explIcatur:
1075 3748 1155 3814 aliae
1178 3759 1290 3813 contra
1312 3749 1389 3829 ejus·

323 3851 415 3918 modi
437 3850 665 3918 additamentis
685 3850 782 3937 plane
804 3863 925 3916 carent.
948 3850 1086 3918 Glossae
1107 3850 1240 3915 huncio
1252 3848 1390 3915 modum

322 3954 458 4042 scriptae
490 3953 669 4019 examentis
701 3975 766 4017 una
799 3975 916 4019 omnes
948 3952 1180 4035 adjudicandae
1213 3975 1284 4017 esse
1321 3952 1391 4032 jure

321 4054 486 4136 videntur,
506 4053 606 4147 idque
629 4075 669 4119 eo
690 4055 814 4138 majore
835 4051 916 4138 jure,
938 4054 993 4120 ubi
1015 4067 1184 4144 praeterea
1206 4055 1239 4118 in
1257 4075 1392 4139 augura-

354 4238 407 4350 Μ)
420 4279 517 4338 uuau.
535 4279 653 4338 ruane
672 4279 707 4335 aa
724 4279 797 4335 aas.
816 4300 842 4355 p.
861 4279 952 4336 xvn.
970 4294 999 4339 a
1016 4281 1116 4338 xxix.
