3400 5042
842 544 917 621 lat

294 796 297 798 v
349 721 540 789 auctoritate
566 718 736 785 discedens
761 720 837 785 inde
864 720 956 786 facile
984 719 1059 784 oriri
1086 730 1227 807 poterat,
1259 719 1349 808 quod
1376 732 1409 786 et

349 824 445 889 ludos
469 828 561 890 Oscos
582 821 736 909 appellari
762 821 922 901 audierat,
954 833 987 887 et
1009 825 1085 888 Osce
1111 827 1196 909 loqui
1217 823 1409 910 interpreta-

350 928 444 992 batur
464 931 567 1006 linguo
590 926 669 989 Osco
689 928 749 1002 uti,
777 923 922 1012 neglecta
944 923 1042 989 altera
1065 922 1315 1010 significatione,
1339 921 1406 1011 'qua

348 1026 436 1092 idern
458 1027 543 1114 valet
564 1048 600 1091 ac
621 1025 747 1104 rustice,
769 1030 921 1104 obscoene,
942 1025 1053 1113 inepte
1074 1023 1166 1112 loqui
1183 1029 1233 1108 ¹¹).

432 1129 544 1217 ltaque
572 1126 701 1192 fabulae
730 1126 896 1192 Atellanae
924 1127 1050 1192 duabus
1082 1127 1181 1191 rebus
1209 1125 1409 1192 differebant

265 1256 268 1261 ·
348 1229 503 1296 asaturis
526 1230 756 1293 Romanorum
785 1230 935 1294 scenicis:
965 1235 1104 1314 personis
1132 1233 1217 1296 Oscis
1239 1242 1270 1295 et
1291 1235 1408 1297 concin-

347 1339 430 1399 niore
450 1331 578 1396 fabulae
599 1345 782 1410 argumento.

431 1437 533 1500 Erant
560 1457 636 1497 vero
664 1450 794 1519 quotuor
814 1434 1021 1521 potissimum
1040 1459 1189 1519 personae
1212 1437 1308 1498 Oscae
1329 1456 1408 1497 con·

349 1549 468 1602 stantes
490 1538 523 1600 in
543 1535 608 1600 hoc
626 1537 778 1601 ludorum
796 1537 1006 1623 popularium
1019 1559 1147 1622 genere,
1170 1536 1304 1600 eaedem
1322 1559 1406 1622 quae

347 1664 435 1704 nunc
458 1661 589 1726 quoque
612 1639 644 1702 in
667 1638 847 1702 recentiore
871 1639 1028 1702 ltalorum
1051 1636 1212 1702 Comcdia
1235 1638 1309 1701 dell'
1326 1639 1406 1701 Arte

347 1753 493 1829 aguntur.
547 1741 692 1804 Primum
721 1746 848 1806 Maccus
875 1753 923 1805 est
951 1764 1049 1805 senex
1075 1741 1209 1827 insignis
1236 1739 1332 1804 stulta
1360 1740 1408 1803 la·

346 1846 458 1909 tuitate
479 1843 663 1930 rusticaque
695 1844 885 1920 voracitate,
917 1843 1090 1907 invenusto
1116 1842 1264 1929 corporis
1294 1841 1406 1907 habitu

347 1945 501 2011 incedens
522 1957 589 2009 tam
612 1945 804 2031 improvide,
826 1957 862 2009 ut
883 1969 957 2009 cum
980 1945 1046 2009 risu
1068 1956 1287 2032 spectatorum
1299 1944 1353 2009 hic
1375 1958 1408 2009 et

347 2048 411 2112 illic
432 2070 527 2134 saepe
560 2047 680 2134 pedem
714 2047 876 2125 offendat,
908 2059 940 2111 et
962 2047 1094 2134 vestigio
1128 2046 1261 2111 fallente
1293 2047 1406 2122 cadat;

346 2149 485 2214 Veneris
503 2149 590 2212 idem
608 2161 675 2214 tam
694 2151 888 2214 obcoecatus
905 2161 1043 2214 sectator
1059 2161 1094 2213 ut
1106 2149 1210 2213 virum
1222 2171 1285 2236 pro
1296 2149 1404 2236 puella

346 2252 576 2339 amplectatur,
599 2263 631 2315 et
652 2274 724 2315 sero
747 2275 780 2315 se
803 2252 977 2339 deceptum
1000 2275 1069 2316 esse
1091 2251 1199 2316 videat
1219 2251 1405 2340 misereque

344 2367 377 2421 et
397 2353 532 2419 ridicule
553 2354 703 2419 clamitet.

427 2457 544 2544 Neque
573 2456 605 2520 in
629 2456 694 2520 suis
719 2456 826 2520 solum
855 2457 954 2521 rebus
983 2479 1114 2544 semper
1140 2469 1240 2536 errat,
1274 2457 1405 2535 fallitur,

349 2559 521 2646 decipitur,
543 2558 598 2622 sed
622 2559 727 2635 etiam,
749 2559 774 2621 si
797 2558 876 2646 quid
898 2559 950 2623 alii
971 2571 1251 2647 perpetravemnt,
1271 2560 1404 2624 Maccus
1494 2574 1496 2576 ’

344 2662 540 2750 plerumque
572 2683 695 2747 poenas
728 2660 787 2724 luit
803 2666 850 2739 Η).
903 2661 1051 2725 Omnino
1083 2683 1200 2744 magna
1233 2661 1404 2726 intercedit

344 2764 521 2828 similitudo
551 2763 636 2826 iuter
657 2761 745 2826 hunc
768 2775 799 2826 ct
820 2764 951 2827 Faunos
974 2763 1190 2850 Silvanosque
1218 2787 1311 2829 senes
1333 2765 1404 2829 libi-

344 2867 493 2943 dinosos,
531 2865 657 2942 avidos,
696 2865 829 2930 ridicule
864 2866 1018 2952 deceptos
1046 2865 1337 2954 deprehensosque
1365 2891 1402 2933 ea

445 3083 581 3154 impressa,
598 3080 662 3136 milri
680 3081 792 3138 obvenit
809 3081 1111 3137 liberTb.Momsenii:
1129 3081 1261 3138 Oskisclre
1279 3083 1403 3151 Studien,

443 3169 545 3234 Berlin,
565 3171 647 3233 1845,
666 3170 712 3224 ubi
730 3184 902 3227 monumenta
919 3171 1024 3241 linguae
1036 3170 1122 3224 Oscae
1136 3171 1252 3227 dilucide
1261 3185 1402 3228 retractata

443 3259 563 3314 invenio.
587 3279 613 3330 p.
631 3259 674 3313 81.
693 3280 732 3332 sq.
771 3259 859 3314 Etiam
880 3258 1046 3314 Momsenius
1068 3272 1148 3330 negat
1169 3259 1305 3314 Atellanas
1328 3261 1402 3317 Osca

444 3347 535 3418 lingua
552 3348 652 3401 Romae
670 3360 739 3401 actas
764 3369 819 3402 esse
838 3348 981 3402 Strabonis
999 3360 1119 3420 tempore
1136 3369 1162 3420 p.
1180 3349 1224 3412 2⁴l‚
1242 3370 1322 3422 quum
1340 3364 1402 3424 post

442 3435 543 3490 bellum
561 3435 658 3490 sociale
676 3436 735 3507 lege
752 3436 976 3508 Plautia-Papiria
994 3436 1084 3506 lingua
1103 3437 1175 3491 Osca
1193 3457 1207 3490 c
1226 3437 1335 3510 publico
1353 3460 1400 3495 usu

444 3525 551 3588 abierit,
575 3524 672 3578 abhinc
690 3525 759 3596 apud
778 3523 890 3579 rusticos
909 3523 1069 3597 Campaniae
1087 3526 1273 3580 tantummodo
1289 3527 1403 3599 viguerit
1471 3583 1473 3586 ,

443 3612 612 3685 aliquamdiu.
636 3633 661 3683 p.
680 3613 722 3666 23.
767 3613 820 3666 Per
846 3613 963 3667 eundum
989 3613 1074 3666 virum
1102 3613 1211 3669 doctum
1236 3634 1310 3670 nunc
1335 3614 1401 3670 milri

441 3703 569 3773 probatur
587 3702 773 3775 interpretatio
793 3701 916 3755 Umbrici
937 3701 1029 3755 verbi:
1065 3714 1134 3768 tuta,
1161 3715 1232 3771 tota,
1257 3703 1284 3756 h.
1303 3725 1326 3758 e.
1345 3703 1399 3760 Ge-

442 3789 548 3846 meinde
568 3802 596 3844 ut
615 3790 727 3845 Oscum:
753 3802 840 3853 touto,
859 3810 884 3861 p.
902 3789 945 3844 78.
963 3802 990 3844 et
998 3789 1040 3853 79,
1059 3790 1132 3862 quod
1149 3810 1227 3863 supra
1243 3792 1322 3863 pffl,
1340 3805 1399 3849 not

441 3878 483 3933 47.
503 3899 561 3934 cum
581 3877 616 3933 0.
634 3878 771 3934 Muellero
789 3898 839 3948 pro
857 3878 1006 3946 adjectivo:
1033 3890 1091 3934 tota
1107 3879 1223 3944 habere,
1245 3901 1322 3952 quam
1340 3901 1399 3936 cum
1484 3876 1487 3881 ’

442 3967 555 4039 Lepsio:
583 3968 644 4020 urbs
663 3967 835 4039 interpretari
853 3965 940 4020 malui.
1362 4025 1366 4032 1

386 4051 421 4122 ¹¹)
441 4055 520 4108 Hanc
537 4055 620 4109 habet
636 4056 689 4108 vim
707 4077 747 4128 ap.
764 4057 888 4109 Juvenal.
925 4055 1004 4108 Satir.
1025 4056 1065 4118 17,
1083 4056 1142 4109 454.
1162 4058 1195 4111 cs.
1214 4055 1262 4120 lll,
1279 4057 1338 4110 207.

386 4139 421 4210 ¹²)
440 4143 483 4196 De
507 4144 605 4198 Macco
630 4143 775 4216 ceterisque
802 4143 924 4216 personis
948 4143 1027 4198 Oscis
1054 4145 1108 4214 agit
1129 4143 1252 4199 Schober
1273 4144 1306 4198 de
1328 4144 1399 4198 sabb.

443 4230 525 4286 Atell.
543 4252 570 4302 p.
590 4232 636 4297 18;
657 4231 801 4287 accuratius
819 4232 977 4305 pleniusque
996 4233 1084 4287 Munk
1102 4253 1128 4302 p.
1146 4232 1182 4285 29
1198 4253 1237 4305 sq.
1274 4233 1399 4288 Ceterum

440 4318 493 4375 boc
509 4337 681 4392 personarum
700 4319 835 4392 ingenium
854 4340 868 4375 e
887 4321 1039 4392 fragmentis
1056 4320 1135 4376 facilc
1152 4320 1329 4392 cognoscitur.
