3400 5042
881 489 930 563 18

452 666 570 754 Neque
590 665 729 730 obscura
751 665 962 731 inveniuntur
983 665 1106 730 cruenti
1134 665 1230 746 hujus
1261 665 1364 730 moris
1391 665 1426 730 in

369 767 482 835 ritibus
509 768 705 834 solemnium
717 767 945 833 Romanorum
967 767 1107 855 vestigia.
1149 768 1237 832 Nam
1254 768 1287 832 in
1299 768 1426 854 Luper-

370 870 491 939 calibus
528 869 729 937 celebrandis
767 870 832 935 duo
865 870 1087 936 adolescentes
1118 869 1235 935 adduci
1266 869 1425 948 solebant,

370 997 510 1064 quorum
538 972 591 1040 alii
616 972 799 1039 sacerdotes
821 973 944 1039 frontes
970 972 1077 1057 gladio
1105 984 1272 1038 cruentato
1300 974 1425 1038 eontin-

369 1089 462 1165 gunt,
487 1075 539 1142 alii
561 1075 736 1142 confestim
757 1074 929 1162 detergunt
949 1075 1022 1141 lana
1044 1075 1125 1140 laete
1146 1074 1341 1154 madefacta,
1362 1079 1425 1140 Ar-

368 1202 504 1266 georum
531 1179 585 1246 die
614 1179 751 1265 virgines
772 1178 921 1243 Vestales
943 1178 1064 1264 effigies
1085 1177 1261 1242 hominum
1282 1179 1423 1266 scirpeas

369 1283 402 1347 in
424 1281 570 1351 Tiberim
598 1282 774 1364 jaciebant,
805 1282 838 1345 in
861 1279 1101 1368 Compitalibus
1123 1280 1175 1345 alii
1202 1293 1235 1346 et
1255 1280 1425 1369 papaveris

369 1384 527 1471 capitibus
547 1384 729 1472 supplicare
758 1383 908 1449 solebant
928 1382 1093 1460 homines,
1125 1383 1350 1470 sigillariorum
1371 1382 1424 1448 die

368 1487 402 1552 in
423 1487 577 1555 sacellum
597 1487 682 1552 Ditis
705 1487 813 1552 oscilla
836 1486 998 1574 quaedam
1019 1510 1080 1572 pro
1102 1484 1255 1552 humanis
1266 1486 1424 1573 capitibus

369 1588 532 1668 ferebant,
553 1589 586 1656 in
608 1591 768 1655 Lemuriis
790 1588 984 1676 peragendis
1007 1588 1081 1652 laba
1103 1612 1165 1675 pro
1188 1589 1291 1676 capite
1314 1589 1422 1653 oblata

368 1693 520 1759 abarvis
541 1692 762 1780 Manibusque
796 1716 830 1756 se
862 1692 1069 1756 redimebant
1091 1697 1126 1769 ⁷).
1189 1697 1241 1756 An
1262 1715 1341 1756 vero
1363 1691 1424 1756 alia

367 1795 491 1861 ratione
515 1793 619 1860 Curtii
642 1818 679 1860 ac
706 1795 798 1860 Decii
830 1819 893 1882 pro
926 1793 1015 1858 urbis
1048 1793 1150 1858 salute
1182 1794 1292 1859 inieris
1320 1794 1423 1880 capita

367 1897 533 1986 vitamque
550 1897 774 1962 devoverunt?
816 1897 987 1977 Ejusmodi
1009 1920 1087 1960 vero
1110 1897 1324 1962 caerimoniae
1345 1908 1424 1961 tunc

368 2000 510 2081 demum}
524 1999 684 2065 institutae
707 2023 776 2064 esse
799 1998 963 2075 videntur,
994 1999 1049 2062 ubi
1073 1998 1222 2063 illucente
1244 2000 1277 2063 in
1298 1999 1423 2064 animo·

366 2126 442 2170 rum
462 2096 637 2169 obicuram
659 2101 922 2189 superstitionem
945 2101 1135 2165 eruditionis
1157 2101 1228 2165 luce
1250 2113 1423 2167 cruentum

365 2204 580 2272 homicidium
595 2200 736 2293 ¹quidem
757 2204 907 2269 detestari
935 2216 1125 2292 coeperunt,
1158 2216 1200 2282 at,
1230 2227 1297 2268 non
1325 2203 1422 2290 plane

367 2308 516 2397 deposito
537 2308 721 2373 inferorum
734 2307 874 2372 deorum
896 2306 1023 2385 timore,
1041 2331 1102 2394 pro
1126 2331 1161 2371 re
1182 2307 1249 2393 ipsa
1270 2306 1422 2395 symbolo

366 2409 415 2476 rei
435 2410 484 2475 usi
514 2409 559 2476 sio
580 2410 767 2476 laetioribus
789 2409 829 2474 rit
847 2409 918 2474 ibus
941 2408 1021 2474 haec
1042 2409 1178 2475 numina
1199 2409 1260 2475 sibi
1281 2409 1422 2498 propitia

367 2513 503 2579 reddere
524 2513 692 2600 putabant.

450 2616 497 2681 Ut
517 2614 614 2703 igitur
635 2615 676 2680 ad
698 2613 857 2693 Evandri,
889 2614 1032 2692 Saturni,
1062 2615 1138 2678 Jani
1160 2613 1294 2680 nomina
1316 2614 1422 2702 prima

366 2715 552 2799 rudimenta
572 2717 737 2806 religionis
758 2717 910 2795 mitioris,
938 2718 1070 2795 artium,
1096 2716 1275 2796 literarum,
1301 2730 1334 2782 et
1354 2740 1424 2781 me·

366 2821 471 2894 moria
489 2843 620 2905 aureae
652 2821 764 2887 aetatis
792 2821 1046 2906 restringuntur,
1079 2820 1124 2884 sic
1147 2819 1302 2886 Hercules
1334 2820 1422 2907 apud

367 2923 491 2989 Italicas
519 2935 630 3010 gentes
656 2921 784 2988 abolitis
806 2923 947 2987 cruentis
968 2923 1065 2987 sacris
1090 2946 1210 3010 purum
1231 2934 1421 3011 castumque

365 3026 446 3092 lucis
466 3025 590 3106 cultum
610 3025 736 3113 primus
758 3024 928 3091 instituisse
949 3025 1085 3090 traditur
1112 3032 1149 3106 ⁸).

449 3117 560 3214 Quam
580 3152 650 3194 non
682 3153 700 3193 a
721 3129 825 3216 poetis
846 3127 956 3192 fictam
977 3152 1047 3193 esse
1068 3128 1193 3193 famam
1213 3127 1358 3215 primum
1381 3150 1421 3192 eo

366 3231 485 3311 elucet,
516 3230 607 3319 quod
631 3231 778 3297 Herculis
799 3255 923 3297 nomen
955 3231 1041 3317 apud
1062 3231 1220 3304 Etruscos
1242 3230 1423 3318 antiquissi-

366 3380 578 3399 m

468 3469 585 3535 deserat,
602 3470 630 3525 in
648 3469 736 3526 locum
754 3472 842 3527 necati
859 3471 1000 3527 succedere
1009 3484 1107 3543 posset.
1126 3471 1226 3526 Strabo
1235 3470 1269 3535 V,
1287 3471 1420 3543 &pm

468 3560 501 3614 cl'.
520 3560 632 3614 Psusan.
643 3559 685 3622 211,
702 3561 760 3614 271.
797 3561 879 3614 Ovid.
897 3561 969 3614 Fast.
987 3559 1034 3623 lll,
1050 3561 1120 3626 271;
1145 3561 1203 3614 Art.
1221 3579 1269 3613 am.
1288 3559 1309 3623 l,
1326 3559 1386 3612 260.

408 3645 434 3716 ²)
468 3647 513 3703 De
531 3647 719 3722 Lupercalibus
738 3649 770 3704 el.
790 3648 861 3703 Plus.
879 3649 926 3703 vit.
944 3649 1020 3703 Rom.
1039 3669 1061 3703 e.
1079 3648 1132 3712 21;
1156 3649 1189 3703 de
1211 3645 1312 3702 Paliliis
1340 3645 1421 3702 Orid.

468 3735 540 3790 Fast.
558 3735 607 3806 lV,
625 3730 689 3803 'tsl;
705 3736 738 3791 de
758 3735 849 3808 Argois
868 3734 943 3791 Ovid
960 3735 1031 3790 Faat.
1050 3735 1084 3801 V,
1101 3737 1161 3790 621.
1195 3736 1218 3789 F
1220 3749 1268 3790 est
1285 3758 1309 3790 v.
1328 3735 1423 3806 Argei;

469 3824 503 3879 de
520 3822 712 3898 Compitalibus
730 3825 855 3883 Maerob.
873 3824 929 3879 Sat
948 3823 1020 3890 1,7;
1038 3823 1072 3879 de
1090 3823 1284 3896 Sigillariorum
1301 3823 1345 3878 die
1362 3824 1422 3880 Ma·

468 3913 541 3968 orob.
556 3913 613 3968 Sat.
631 3913 653 3982 l,
673 3914 721 3979 10;
741 3913 776 3968 de
794 3912 924 3969 Lemuriis
943 3911 1026 3967 ovid.
1044 3913 1115 3968 Fast.
1134 3913 1168 3977 V,
1185 3912 1244 3967 436.
1263 3933 1301 3985 aq.

408 3997 434 4070 ¹)
469 4001 599 4056 Hercules
617 4005 646 4055 in
663 4002 764 4058 oraculi
781 4021 926 4074 responso:
946 3997 995 4073 lta)
1010 3997 1127 4075 κσφιλιὶς
1139 3997 1205 4082 atta
1227 4001 1271 4074 susi
1289 4001 1325 4080 τᾷ
1340 4001 1421 4080 vargi

467 4094 582 4168 etamsi
604 4097 689 4171 pairs,
710 4097 764 4154 boc
787 4110 935 4152 extremum
958 4097 1070 4151 verbum
1093 4118 1150 4151 non
1167 4097 1240 4152 viros
1257 4097 1304 4153 sed
1322 4097 1422 4151 lumina

468 4192 668 4265 interpretatus,
694 4192 844 4248 abolevisse
871 4204 981 4247 cruenta
1004 4212 1078 4248 saera
1096 4193 1192 4250 dieitur
1217 4193 1338 4247 lllaerob·
1356 4192 1377 4253 Ι,
1396 4191 1420 4246 7.

467 4277 586 4352 Dionys.
602 4279 665 4334 Ant.
684 4279 760 4336 Rom.
777 4279 798 4346 l,
815 4278 858 4335 88.
