3400 5042
815 497 891 573 196

328 676 490 740 tarataram
509 676 625 758 spectes
644 697 682 737 aa
694 672 833 755 formae,
861 695 999 764 quarum
1021 678 1138 740 alterae
1159 686 1304 758 austriae,
1327 671 1386 738 att

327 785 382 839 aut
403 796 461 840 ana
481 783 621 848 tantum,
642 785 697 838 aut
718 797 833 839 omnes
856 790 918 840 tm
940 773 1094 838 deficiunt
1115 779 1230 851 theses,
1257 773 1385 838 duabus

323 880 462 961 partibus
482 876 579 962 piane
601 879 776 962 aequalibus
798 899 967 941 morarum
989 898 1128 940 numero
1150 886 1314 941 constant:
1372 956 1375 961 .

592 1005 1114 1120 ''lu-ella'lcwlle'

592 1175 829 1284 'olla-all
867 1175 1113 1285 'lon-‘lvi

663 1346 672 1375 Ι
796 1345 805 1374 Ι
904 1347 913 1377 Ι
1039 1347 1048 1376 Ι

591 1347 639 1454 'ul
653 1384 801 1411 .....
823 1346 871 1455 {a}
896 1386 1043 1414 .....
1065 1346 1113 1451 ΙΙ

592 1515 825 1624 ''la-all
863 1515 1104 1623 idemq!

324 1678 443 1768 alterae
464 1687 608 1758 quatuor,
640 1673 766 1738 omissis
789 1686 843 1739 aut
869 1675 994 1739 duabus
1021 1673 1181 1749 thesibus,
1213 1687 1268 1738 aut
1292 1673 1379 1739 nulia

324 1777 470 1831 omnmo,
491 1757 613 1821 secerni
625 1770 761 1843 possunt
774 1758 805 1821 in
818 1757 897 1821 duas
908 1768 1016 1844 partes
1027 1783 1085 1821 una
1095 1782 1180 1821 mora
1190 1759 1380 1838 defferentes,

325 1855 366 1920 ita
399 1869 435 1920 ut
465 1880 595 1945 semper
626 1859 723 1946 altera
755 1883 829 1947 pars
861 1865 1034 1925 acatalecto
1071 1860 1168 1950 altera
1201 1866 1382 1925 catalectico

323 1970 492 2045 appareat:

589 2095 834 2202 tto-211
872 2095 1112 2204 tow-‘tt

658 2263 1111 2373 la.a.'¹a(.'o.o.'''

449 2454 450 2457 ’
538 2433 1110 2542 Ι,ιιι-ἰιιιυ-ΙΙΙ-Ινιυ-ΙΙΙ

587 2602 1111 2714 Ινμωῑμμωιιυ,

315 2795 323 2811 1
405 2761 599 2843 Huiusmodi
621 2784 698 2826 vero
721 2761 859 2827 domum
879 2762 1023 2850 partium
1051 2761 1258 2851 aequabilitas
1279 2785 1380 2850 quam

322 2864 406 2930 bane
436 2864 609 2930 conveniat
640 2888 715 2929 cum
747 2862 941 2953 rhythmicis
973 2864 1166 2953 musicisquc
1198 2864 1380 2930 rationibus

321 2965 462 3031 duorum
490 2964 669 3032 chororum
703 2966 851 3031 canendo
879 2966 937 3031 sibi
963 2966 1241 3054 respondentium,
1278 2967 1378 3031 etiam

321 3092 362 3132 eo
383 3069 531 3147 sentitur,
564 3067 652 3156 quod
675 3068 793 3134 modus
815 3068 966 3146 canendi,
998 3093 1097 3157 quem
1119 3069 1300 3148 subjectum
1323 3070 1378 3134 tati

321 3170 425 3236 versui
454 3171 510 3235 tibi
538 3169 659 3258 fingere
684 3170 805 3258 possis,
842 3171 1005 3259 oppressis
1036 3170 1183 3236 thesibus
1216 3171 1275 3235 itlis
1309 3195 1379 3236 non

320 3273 438 3340 mutari
460 3297 572 3338 revera
593 3273 729 3339 videtur.
773 3274 839 3337 Has
861 3286 1027 3360 praeterea
1057 3273 1247 3339 omissiones
1269 3297 1378 3361 popu-

319 3376 376 3440 lari
398 3375 601 3464 simplicique
623 3377 713 3463 poesi
730 3388 762 3441 et
779 3377 885 3442 cantui
904 3377 953 3440 vei
973 3376 1112 3441 maxime
1131 3377 1279 3464 proprias
1295 3401 1378 3456 esse,

320 3477 440 3543 docent
467 3490 499 3543 et
525 3477 736 3566 antiquissimi
770 3503 881 3543 versus
915 3480 997 3566 epici
1027 3480 1272 3544 Germanorum
1304 3479 1378 3543 ion-

318 3580 424 3667 giores
441 3586 487 3658 ¹²),
509 3592 541 3645 et
563 3593 746 3647 nostrarum
769 3580 933 3670 hodieque
956 3581 1188 3646 cantilenarum
1210 3606 1376 3647 sacrarum

319 3683 417 3748 verba
450 3708 487 3749 ac
518 3684 618 3748 modi.
678 3684 908 3769 Quamobrem
947 3684 1186 3772 antiquissimae
1223 3685 1375 3772 populari
1408 3750 1413 3762 ,

318 3787 547 3853 Romanorum
568 3785 659 3873 poesi
680 3785 854 3874 proprium
877 3787 974 3851 fuisse
995 3809 1097 3872 genus
1120 3786 1198 3851 illud
1220 3812 1374 3852 versuum

318 3888 544 3954 Saturniorum
567 3887 657 3965 dico,
689 3912 755 3976 quo
777 3889 959 3954 trochaicus
981 3901 1013 3953 et
1035 3889 1191 3956 iambicus
1217 3915 1374 3956 numerus

365 4173 400 4244 ¹²)
418 4175 461 4232 Ci-
478 4175 642 4246 Lachmann,
660 4178 727 4233 fiber
745 4178 982 4235 althochdeutsehe
998 4180 1140 4250 Betonuug
1159 4182 1213 4237 und
1225 4181 1375 4239 Vecshtmst

421 4265 501 4321 Abth·
520 4267 541 4320 l.
561 4267 594 4321 ll.
613 4265 760 4336 (Abhandl.
779 4266 827 4322 der
844 4268 914 4323 Berl.
934 4270 1014 4324 dead.
1032 4271 1108 4325 18³1.
1125 4268 1182 4338 ³2.)
1335 4276 1338 4281 '
1465 4264 1469 4268 ⁴
