3400 5042
806 525 883 598 202

402 703 533 767 Praeter
552 700 614 765 hos
637 721 714 766 vero
738 726 846 767 versus
869 701 1009 788 exempli
1033 725 1127 766 causa
1144 701 1298 767 hocloco
1315 725 1378 788 po-

320 806 397 869 aitoa
419 805 515 868 etiam
538 815 662 868 ceterae
684 805 724 867 de
752 805 869 891 quibus
891 828 987 892 supra
1016 806 1140 892 egimus
1166 805 1377 892 antiquorum

321 907 502 971 carminum
532 905 686 992 reliquiae
714 908 799 971 nulla
828 908 1010 996 scriptionis
1037 908 1119 971 linea
1142 919 1261 970 mutata
1289 905 1378 971 hanc

319 1032 469 1074 normam
502 1008 709 1095 speciemque
741 1031 819 1095 prae
851 1033 885 1073 ae
918 1009 1029 1073 lerunt
1060 1009 1199 1074 Saturnii
1232 1011 1378 1083 numeru

320 1135 417 1199 quem
451 1111 546 1174 etiam
582 1111 673 1174 facile
706 1110 859 1176 inclinare
889 1112 921 1174 in
948 1111 1154 1176 hexametros
1186 1102 1377 1199 dactylis'et

319 1215 471 1300 spondeis
490 1213 676 1299 frequenter
692 1212 851 1290 adhibitis,
874 1214 992 1278 docent
1010 1215 1157 1300 exempla
1175 1213 1351 1300 quaedam:
1476 1285 1479 1292 ¹

767 1315 835 1379 Liv.
859 1313 926 1382 Od.
1387 1320 1389 1324 ’

421 1415 604 1503 Celaoaque
625 1417 708 1482 ocria
729 1418 871 1506 drvaque
893 1415 995 1505 pdtria
1018 1429 1051 1481 et
1070 1439 1161 1481 mare
1177 1425 1332 1504 mfignum

420 1518 508 1584 Cum
530 1517 633 1582 tactos
655 1529 784 1582 nostroe
804 1516 1019 1582 mandidtnu
1036 1520 1155 1607 impius
1177 1508 1332 1608 Cy'ctopa.

378 1620 492 1708 'Quin
514 1619 610 1684 etiam
633 1630 771 1706 possunt
792 1619 927 1708 quidam
951 1643 1061 1685 veram
1085 1620 1226 1686 saturnii
1254 1620 1376 1690 eodem

318 1725 387 1802 jure
411 1735 446 1787 ut
466 1721 588 1787 heroici
611 1720 691 1806 legi:
1291 1738 1294 1743 ’

765 1823 833 1889 Liv.
859 1822 926 1888 Od.

424 1900 549 1991 inferus
571 1948 612 1989 an
634 1929 767 2010 auperda
788 1926 844 1990 tibi
867 1925 933 1990 fert
954 1924 1034 1989 deuo
1055 1925 1170 1990 lunera
1191 1928 1310 1991 Ullxea.

421 2015 461 2091 A't
477 2025 563 2091 celer
583 2025 674 2091 hasta
697 2027 810 2091 vol'ane
832 2027 1014 2114 perrumpit
1034 2038 1165 2115 pectora
1187 2029 1272 2094 se'rro

421 2127 584 2192 Convenit
604 2131 740 2213 regnum
764 2129 860 2193 aimul
882 2133 979 2216 'atque
1000 2129 1090 2193 locos
1112 2142 1147 2194 ut
1167 2128 1338 2198 haberent.

402 2231 630 2316 Quamobrem
653 2231 787 2295 minime
810 2231 917 2317 inepta
940 2243 989 2294 est
1010 2232 1156 2296 Merulae
1179 2233 1376 2312 conjectura,

318 2358 380 2421 qua
411 2334 537 2396 Livium
565 2331 790 2397 Andronicum
817 2355 1054 2420 nonnunquam
1086 2333 1235 2398 heroicos
1261 2357 1376 2397 versus

318 2437 351 2499 in
374 2433 560 2522 Odysseam
583 2457 674 2497 auam
697 2435 869 2498 inseruisse
887 2436 1011 2522 putavit
1025 2438 1079 2520 ⁸⁹),
1101 2459 1202 2523 eaque
1220 2436 1252 2498 iu
1269 2458 1304 2498 re
1324 2437 1374 2499 vel
1397 2513 1399 2517 7
1464 2470 1466 2475 .

320 2537 454 2602 Homeri
478 2537 648 2600 imitationi
670 2535 790 2622 aliquid
807 2538 1016 2601 tribuendum
1028 2559 1097 2602 esse
1117 2548 1375 2602 consentaneum

318 2641 452 2705 videtur.
496 2638 592 2703 Unde
615 2638 711 2702 etiam
733 2638 858 2703 Ennius
879 2638 1059 2703 faciliorem
1085 2637 1375 2705 habehatGraeci

317 2741 495 2806 hexametri
518 2739 697 2828 usurpandi
718 2740 948 2818 conditionem,
970 2764 1071 2827 quum
1093 2745 1159 2822 jam
1182 2740 1300 2814 abillis
1319 2764 1376 2805 an-

317 2845 508 2932 tiquioribus
529 2843 633 2929 poetis
645 2842 737 2906 hunc
752 2843 912 2907 inveniret
928 2855 1156 2929 praeparatum
1169 2856 1201 2906 et
1212 2844 1253 2907 ab
1266 2843 1375 2931 aliqua

316 2959 407 3032 parte
419 2947 458 3010 ad
471 2945 614 3031 linguam
626 2944 773 3008 Latinam
784 2945 1044 3021 accomodatum,
1059 2946 1215 3010 Saturniis
1228 2945 1376 3009 versibus

316 3048 580 3113 hexametrorum
602 3045 771 3111 simillimis
792 3048 825 3111 in
836 3047 979 3112 carmina
991 3047 1072 3112 Livii
1084 3060 1116 3112 et
1127 3047 1239 3112 Naevii
1251 3048 1375 3134 paaaim

317 3151 452 3215 insertis.
1380 3151 1382 3156 ’

361 3414 397 3484 ”)
416 3415 522 3472 Merula
539 3417 573 3472 ad
590 3417 708 3471 Ennium
726 3437 750 3489 p.
769 3414 810 3468 88.
836 3416 877 3469 Cf.
895 3417 985 3471 Bothe
1008 3419 1070 3489 frag.
1095 3430 1158 3490 trag.
1182 3415 1268 3471 Latin.
1285 3439 1311 3490 p.
1332 3418 1375 3473 15.
1402 3459 1405 3464 .

418 3503 531 3558 Kluaam.
550 3504 568 3558 l.
587 3527 609 3559 c.
628 3525 652 3576 p·
672 3505 714 3558 33.
742 3504 808 3557 lnde
833 3518 893 3558 orta
910 3504 1016 3559 videtur
1034 3507 1189 3576 conjectura
1206 3506 1238 3559 R.
1258 3506 1375 3574 morati,

419 3591 572 3646 Handbuch
591 3591 638 3644 der
656 3589 841 3645 Lateiniachen
867 3593 1148 3664 Literaturgeacichte‚
1173 3593 1224 3647 Th.
1244 3594 1264 3647 l.
1282 3594 1374 3668 Leipz.

417 3680 527 3753 Imp.
537 3678 597 3743 291,
616 3699 667 3751 qua
684 3680 923 3751 putetSaturnium
943 3701 998 3735 esse
1016 3683 1098 3754 iprum
1110 3682 1274 3735 Graecorum
1292 3682 1376 3738 hexa-

417 3779 528 3823 metrum
546 3767 659 3821 barbara
677 3765 857 3822 Romanorum
875 3767 965 3838 lingua
983 3780 1143 3840 corruptum.
1234 3759 1238 3768 ’
