3400 5042
826 555 876 624 99

323 745 450 819 praeter
472 734 571 797 lastos
597 735 721 797 Romae
744 733 830 796 urbis
858 745 890 795 et
916 733 1053 796 aliorum
1076 731 1273 819 oppidorum
1295 733 1380 798 tuti-

325 859 437 900 eorum
462 837 701 923 antiquissimos
724 848 870 900 secutum
892 859 961 898 esse
985 835 1017 897 in
1040 835 1127 898 fastis
1156 836 1219 900 suis
1241 837 1380 900 conscri-

324 939 438 1002 bendis
470 963 581 1004 rerum
614 961 777 1003 sacrarum
810 939 917 1001 fontes
929 942 971 1018 ²),
1002 961 1063 1001 nec
1095 938 1232 1002 dubitari
1264 951 1379 1025 potest,

324 1043 402 1128 quin
435 1044 530 1106 etiam
565 1044 665 1106 libros
697 1041 919 1117 sacerdotum,
958 1042 989 1103 in
1018 1042 1135 1128 quibus
1163 1041 1270 1105 Gellio
1300 1054 1379 1104 teste

324 1147 602 1233 comprecationes
623 1145 761 1208 deorum
784 1143 1019 1206 immortalium
1041 1166 1124 1230 quae
1145 1143 1208 1207 ritu
1228 1145 1379 1207 Romano

324 1246 391 1310 fieri
415 1247 563 1311 solebant
594 1247 773 1334 perscripta
806 1246 952 1322 fuerunt,
985 1246 1017 1308 in
1046 1259 1204 1333 promptu
1230 1246 1380 1310 habuerit

323 1372 359 1413 ac
386 1350 635 1437 perlustraverit.
692 1348 888 1428 Huiusmodi
922 1371 999 1412 vero
1028 1349 1069 1413 de
1101 1349 1267 1413 cantilenis
1299 1349 1379 1412 nihil

324 1452 534 1527 haberemus,
565 1452 654 1540 quod
677 1451 865 1516 addendum
887 1451 1067 1527 videretur,
1099 1452 1158 1515 nisi
1181 1453 1270 1516 locus
1297 1464 1381 1516 esset

323 1554 409 1639 apud
434 1556 643 1644 Dionysium,
672 1578 770 1643 quem
794 1553 1005 1631 Niebuhrius‚
1037 1567 1073 1617 ut
1098 1577 1190 1618 suam
1218 1555 1258 1618 de
1285 1555 1379 1641 epico

314 1657 464 1720 carmine
503 1659 730 1721 Romanorum
767 1656 924 1720 continuo
957 1655 1147 1720 defenderet
1178 1657 1379 1735 sententiam,

322 1757 470 1823 adnisus
491 1761 601 1838 (uro...
624 1763 699 1823 nn.
723 1760 820 1823 nom.
846 1760 868 1836 ι,
891 1763 946 1838 ιο)
982 1744 1047 1816 »ot
1072 1744 1110 1816 aa
1135 1737 1383 1842 ἀνδρωθέντες

321 1870 480 1951 γίνονται
513 1864 605 1932 κατὰ
637 1885 673 1931 τε
707 1855 853 1944 ἀξίωσιν
888 1864 1031 1953 μορφῆς
1062 1868 1124 1930 καὶ
1157 1862 1383 1955 φρονήματος

323 1971 433 2066 ὄγκοι
466 1970 507 2046 υἷι
540 1978 734 2075 ουφορβοῖς
766 1982 828 2044 καὶ
859 1976 1054 2066 βουκόλοις
1087 1973 1255 2061 ἐοικότες,
1304 1968 1383 2045 ἀλλ’

322 2087 417 2168 οἵους
442 2083 487 2159 ἄν
513 2111 563 2170 τις
588 2084 774 2176 α’ξιοίοειυυ
798 2091 879 2168 τοῦς
904 2087 947 2160 ἐκ
978 2090 1163 2180 βασιλείου
1190 2113 1226 2159 τε
1253 2084 1383 2180 φύντας

321 2214 454 2299 γιίιους7
480 2210 541 2274 καὶ
568 2197 640 2275 ἀπὸ
668 2204 854 2299 δοιμόυυιυ
880 2206 1013 2300 σπορᾶς
1038 2203 1212 2294 γενέσθαι
1234 2208 1381 2295 νομιζο-

321 2331 468 2412 μένους,
509 2315 558 2397 ὥς
584 2317 624 2390 ἕν
651 2323 723 2398 τοῖς
747 2328 909 2418 πατρίοις
938 2310 1063 2412 duroto
1088 2315 1164 2418 dno*
1186 2313 1382 2410 Ῥωμαίων

322 2440 370 2512 ἔτι
401 2447 463 2511 καὶ
493 2445 556 2511 νῦν
587 2435 743 2510 &derum
796 2435 875 2519 Quo
905 2434 1037 2521 quidem
1067 2434 1107 2497 de
1135 2434 1207 2496 loco
1237 2444 1305 2497 orta
1335 2445 1382 2497 est

323 2539 468 2602 virorum
491 2535 662 2600 doctorum
686 2537 858 2613 dissensio,
887 2550 997 2599 utrum
1020 2536 1119 2622 ipsius
1142 2535 1291 2624 Dionysii
1319 2537 1382 2598 sint

325 2649 399 2704 haec
422 2638 535 2716 verba,
568 2662 608 2702 an
630 2639 722 2702 Fabii
745 2639 895 2715 Pictoris,
923 2638 1041 2702 deinde
1064 2650 1173 2701 utrum
1195 2639 1285 2726 opica
1309 2638 1382 2714 sint,

322 2767 363 2806 an
386 2765 473 2806 sacra
506 2741 648 2805 carmina
682 2740 904 2828 intelligenda,
937 2765 1019 2828 quae
1054 2739 1186 2804 Romuli
1219 2740 1381 2827 Remique

322 2845 525 2908 mentionem
557 2843 737 2924 fecerint³).
793 2845 867 2928 Qua
902 2844 1034 2931 quidem
1063 2842 1103 2905 de
1131 2867 1165 2906 re
1198 2843 1380 2906 dummodo

322 2946 594 3010 demonstraveris
616 2969 704 3010 sacra
729 2946 826 3010 fuisse
848 2948 900 3010 illa
923 2946 1060 3024 cantica,
1093 2945 1186 3008 facile
1213 2946 1382 3032 apparebit

322 3050 401 3113 nihil
431 3050 584 3113 interesse
606 3048 645 3111 ad
669 3072 739 3112 rem
774 3062 933 3126 nostram,
970 3060 1079 3110 utrum
1113 3048 1211 3111 verba
1236 3049 1381 3135 Dionysii

377 3191 402 3260 ²)
422 3192 475 3245 Or.
494 3193 516 3245 F
519 3204 565 3245 ast.
592 3193 612 3254 l,
630 3193 667 3246 7.:
695 3193 776 3248 Sacra
793 3213 968 3265 recognosces
990 3192 1131 3246 annalibus
1149 3205 1224 3246 eruta
1244 3192 1343 3264 priscis.
1363 3192 1382 3254 l,

423 3281 476 3336 93:
504 3281 579 3336 Haec
597 3301 646 3352 ego
665 3302 722 3334 curn
741 3281 848 3354 sumptis
872 3284 996 3353 agitarem
1014 3294 1104 3335 mente
1122 3278 1237 3334 tabellis.
1258 3278 1293 3342 V,
1310 3278 1381 3334 722:

426 3369 531 3443 luspice
555 3390 620 3441 quos
634 3368 738 3445 'hebeat
760 3371 903 3425 nemoralis
925 3371 1015 3424 Aricia
1037 3370 1127 3422 fastos.
1149 3370 1181 3422 cl.
1205 3368 1239 3433 ll,
1261 3368 1326 3432 3013
1348 3367 1382 3430 V,

425 3458 482 3512 727.
520 3457 699 3526 Quamobrem
725 3457 887 3512 Niebuhrius
915 3459 987 3512 Hist.
1012 3458 1088 3512 Rom.
1117 3457 1162 3510 lll.
1188 3477 1213 3529 p.
1239 3458 1274 3510 35
1295 3456 1337 3510 ed.
1355 3458 1381 3512 3.

423 3546 551 3600 Ovidium
569 3547 597 3599 in
616 3546 694 3601 rebus
712 3545 844 3602 historicis
863 3545 984 3602 historici
1001 3546 1077 3600 testis
1092 3545 1152 3599 loco
1163 3545 1382 3598 essehnbendmn

424 3636 480 3703 jure
507 3635 618 3689 censuit.
663 3633 787 3690 Ceterum
814 3648 907 3689 notum
934 3647 972 3688 est
998 3647 1103 3708 poetam
1129 3655 1160 3687 ea
1179 3634 1212 3687 de
1231 3654 1307 3689 causa
1325 3653 1383 3686 non

423 3725 568 3779 coniecisse
588 3744 653 3796 opus
679 3723 818 3779 duodecim
840 3723 969 3777 librorum
993 3723 1175 3795 propositum,
1203 3722 1275 3794 quod
1299 3720 1382 3775 exsuli

420 3811 513 3873 ¹deesse
532 3824 681 3884 coeperunt
698 3813 799 3876 sontes,
822 3813 894 3866 unde
913 3833 954 3866 res
973 3832 1057 3865 sacras
1076 3811 1141 3866 scite
1159 3810 1266 3864 haurire
1284 3823 1382 3882 posset.

381 3897 406 3966 ³)
425 3898 587 3954 Niebuhrius
615 3913 642 3955 et
668 3902 796 3956 Kreusius
824 3902 902 3956 Rom.
928 3900 993 3954 Litt.
1011 3899 1082 3954 Hist.
1103 3900 1123 3952 l.
1141 3921 1165 3972 p.
1185 3899 1226 3952 57.
1253 3898 1382 3969 Dionysii

423 3988 506 4042 verba
525 4007 580 4042 esse
598 3988 706 4052 volunt.
729 3991 826 4062 quippe
845 3989 890 4061 qui
908 3988 952 4043 rel
970 3987 1027 4061 ipse
1045 3989 1093 4042 ista
1110 3987 1226 4042 carmina
1243 3986 1382 4041 audiverit.

423 4076 584 4130 Melioribus
607 4076 751 4132 rationibus
774 4078 837 4132 freti
860 4077 986 4131 Ulricius.
1028 4073 1109 4129 Char.
1126 4074 1152 4128 d.
1171 4075 1216 4130 alt.
1235 4074 1338 4131 Histor.
1356 4096 1382 4147 p.

422 4163 464 4228 96,
482 4163 663 4219 Bernhardius
682 4167 758 4219 Rom.
777 4167 840 4220 Litt.
860 4163 930 4220 Hist.
948 4186 974 4238 p.
985 4165 1027 4233 16,
1045 4165 1216 4219 Petersenius
1234 4164 1277 4219 De
1289 4164 1383 4234 Origg.

422 4253 493 4307 Hist.
505 4253 580 4307 Rom.
586 4253 640 4326 pa.
646 4253 722 4306 Fabii
731 4253 845 4308 Pictoris
855 4254 939 4307 rerba
949 4273 1004 4306 esse
1014 4251 1172 4322 judicarunt.
1180 4253 1318 4306 Petersen.
1325 4271 1382 4307 cum

422 4341 499 4396 Nieb.
512 4341 586 4414 epics
597 4342 676 4396 luisse
687 4341 811 4404 carmina,
827 4340 913 4395 Ulric.
930 4353 956 4394 et
966 4340 1063 4394 Krane.
1079 4359 1151 4394 sacra
1167 4339 1286 4394 arbitrati
1297 4351 1365 4392 sunt.
