3400 5042
811 499 890 597 ee

316 724 395 769 veor
414 723 475 791 per
484 700 740 791 etymologicum
761 698 1050 786 grammaticorum
1065 695 1236 762 artificium
1256 693 1370 760 fictum

316 805 444 870 videtur
464 826 482 868 a
504 821 590 882 eruo,
623 827 708 891 quae
734 826 798 867 vox
826 813 858 866 et
885 802 952 889 ipsa
975 812 1007 866 et
1028 800 1255 866 diminutivum
1277 802 1370 864 trulla

225 909 227 914 ’
317 907 452 972 omnino
474 930 530 970 vas
552 905 711 992 (Truhe)
739 904 879 993 ideoque
906 905 1004 970 etiarn
1026 915 1170 969 cavatam
1192 900 1369 967 cochlearis

317 1023 444 1098 partem
466 1007 635 1095 significet,
662 1006 798 1072 minime
821 1009 910 1095 quod
932 1007 1057 1073 moveri
1079 1016 1196 1095 potest.
1248 1004 1315 1069 Res·
1327 1003 1370 1076 ¹ni

316 1112 411 1176 fallor
431 1114 473 1176 ita
496 1135 529 1175 se
550 1109 659 1175 habet.
712 1111 758 1175 Ut
783 1133 800 1174 a
822 1108 1117 1198 praepositionibus
1148 1134 1202 1186 ex,
1236 1114 1284 1185 in,
1314 1108 1369 1171 sub

316 1215 414 1280 verba
437 1229 576 1290 entrare,
598 1218 728 1289 intrare,
749 1237 893 1298 superare
914 1212 1115 1290 derivantur,
1141 1210 1225 1275 sica
1247 1220 1371 1274 vetusto
1475 1230 1478 1235 ’

316 1316 556 1406 praepositione
589 1318 655 1378 amb
688 1295 816 1393 (ἄμφι)
837 1319 1014 1380 amb-trare
1035 1335 1093 1380 seu
1113 1323 1306 1399 amp-trare.
1339 1324 1372 1377 et

317 1419 473 1507 quoniam
495 1417 586 1482 litera
608 1444 627 1481 u
654 1416 687 1480 in
709 1417 813 1505 prisca
835 1416 943 1504 lingua
964 1416 1078 1482 Latina
1100 1429 1176 1482 ante
1197 1440 1218 1481 a
1244 1412 1371 1503 saepius

316 1520 549 1608 interponitur,
570 1520 692 1586 lectum
705 1531 752 1584 est
763 1524 949 1585 amb-trunto
959 1520 1026 1584 sive
1037 1533 1232 1605 amp-imore,
1253 1513 1371 1583 deinde

317 1638 461 1690 antruare
482 1635 515 1688 et
535 1627 697 1699 andruare,
718 1621 800 1686 nihil
823 1619 1104 1709 aliudsignificans
1116 1640 1216 1710 quam
1237 1623 1371 1686 ont-oe.

319 1727 452 1814 Spectat
483 1748 562 1791 vero
595 1725 636 1789 ad
676 1723 883 1789 saltationum
921 1724 1017 1790 orbes
1050 1723 1169 1789 eodem
1201 1722 1304 1788 modo
1336 1731 1373 1786 ut

316 1832 538 1915 Amo-axisque
560 1833 784 1906 circumeuntes,
807 1839 839 1892 et
850 1826 972 1892 Saliare
993 1828 1093 1892 luisse
1108 1826 1261 1902 verbum,
1283 1838 1373 1890 cotn-

316 1931 460 2019 positum
471 1935 737 1996 fied-amb-truare
753 1930 928 1995 certissime
941 1931 1137 2018 comprobat
1147 1927 1187 1994 cf.
1200 1926 1283 1993 infra
1293 1924 1327 1992 h.
1339 1948 1370 1992 v.

398 2037 564 2113 Autigerio.
610 2031 740 2117 Quinct.
760 2037 836 2097 Inst.
855 2032 948 2097 Orat.
971 2033 998 2113 l,
1019 2038 1049 2110 6,
1070 2039 1129 2098 lo:
1160 2053 1239 2096 »nec
1259 2030 1371 2118 utique

317 2137 358 2202 ab
380 2137 501 2202 ultimis
524 2135 641 2216 etjam
663 2135 840 2199 obliteratis
861 2135 996 2223 repetita
1017 2134 1222 2223 temporibus
1233 2131 1372 2214 (verba),

318 2240 423 2327 qualia
446 2250 521 2304 sunt
542 2253 647 2323 topper
669 2249 701 2301 et
721 2242 867 2317 antiscrio
881 2249 913 2301 ct
923 2242 1096 2315 exanclare,
1118 2249 1150 2302 et
1161 2243 1318 2322 praeopto,
1340 2248 1373 2300 et

315 2348 465 2423 Saliorum
484 2346 629 2418 carmina,
660 2340 713 2404 vix
740 2339 962 2405 sacerdotibus
989 2339 1054 2404 suis
1080 2339 1155 2403 satis
1182 2339 1373 2403 intellecta«

317 2445 418 2509 Paull.
433 2467 472 2531 p.
494 2450 534 2510 8:
569 2445 745 2522 »Antigerz'o
767 2442 889 2530 antiqui
917 2464 979 2529 pro
1002 2447 1088 2507 valde
1108 2441 1287 2508 dixerunt<t
1330 2439 1372 2506 cl.

318 2546 466 2611 Gutberl.
488 2567 519 2631 p.
535 2551 602 2612 128.
624 2545 735 2611 Minus
757 2556 844 2609 recte
861 2544 1002 2609 'Vossius
1022 2545 1055 2609 in
1077 2543 1240 2633 Etymol.2
1262 2537 1374 2609 »Aust-

220 2694 226 2704 -
314 2654 397 2729 geris
420 2647 510 2735 quod
535 2665 606 2713 onte
632 2653 696 2712 olio
718 2653 865 2727 peritum
914 2647 967 2712 Cf.
994 2646 1143 2712 Placidus
1168 2666 1219 2735 ap.
1246 2642 1373 2711 Maiutn'

317 2776 348 2839 p.
370 2757 440 2816 432.
463 2750 563 2815 Paull.
586 2774 618 2838 p.
636 2758 668 2817 8:
691 2747 873 2815 ›sdntarium
893 2749 1028 2828 bellum,
1049 2748 1139 2838 quod
1160 2761 1234 2814 ante
1255 2749 1372 2814 urbem

317 2855 467 2940 gerstun«
500 2854 545 2917 At
565 2853 653 2917 enirn
675 2860 821 2933 antz'gerio
843 2853 884 2918 ab
907 2859 1106 2932 ante-agendo
1123 2851 1239 2917 eadem
1249 2853 1384 2917 ratione·

318 2956 482 3021 derivatur
510 2976 573 3043 qua
601 2961 740 3020 ambaxz'o
767 2957 808 3020 ab
837 2961 1053 3036 amb-agendo,
1083 2967 1116 3020 et
1142 2961 1305 3034 indigitare
1331 2946 1388 3018 elt'
1435 3013 1437 3017 .

317 3064 517 3138 indu-agendo
539 3064 777 3140 seu-agitando,
800 3081 901 3146 quum
923 3057 1270 3144 praesertimegerz‘tsit
1284 3056 1374 3122 idern

319 3161 511 3249 quoderat,
533 3172 569 3224 ut
581 3161 697 3243 fecerit
719 3161 807 3249 quod
821 3163 923 3244 fauit.
966 3161 1020 3227 Sic
1041 3161 1129 3226 enim
1155 3159 1237 3225 haec
1257 3181 1322 3224 vox
1342 3171 1375 3224 et

318 3264 441 3351 optime
463 3262 549 3328 cadit
570 3263 610 3327 ad
631 3266 810 3340 Praesulem
836 3264 1001 3330 Saliorum
1029 3268 1144 3344 agendo
1169 3277 1373 3349 praeeuntem,

242 3394 244 3398 ³
318 3378 350 3430 et
375 3365 570 3453 ampliorem
596 3365 716 3431 abhinc
741 3367 905 3454 suscipere
930 3377 1060 3454 poterat
1087 3364 1371 3452 significationem:

314 3484 438 3552 praeter
458 3483 574 3534 ceteros
595 3493 652 3534 seu
674 3475 770 3536 oolde.

399 3571 493 3658 Apor,
514 3571 610 3660 apud.
654 3573 759 3638 »Fest
780 3595 812 3659 p.
834 3577 885 3638 26.
906 3571 1024 3659 Bergk.
1042 3572 1061 3636 l.
1079 3593 1105 3636 c.
1142 3571 1228 3636 Nam
1245 3576 1377 3659 rprod

317 3674 473 3761 scriptum
496 3698 566 3739 esse
588 3675 764 3762 antiquitus
784 3675 887 3740 multa
910 3687 985 3740 sunt
1006 3675 1154 3762 exempla
1176 3687 1225 3738 ut:
1257 3677 1374 3760 affiatu,

316 3777 431 3858 assari,
457 3803 584 3856 arcena,
611 3804 769 3857 arvorsus,
795 3784 1001 3857 aruorsorius,
1033 3782 1172 3843 meridies
1200 3781 1373 3858 (medidies)

317 3879 357 3944 cf.
386 3878 538 3945 Schneid.
567 3879 680 3946 Gram.
708 3882 733 3959 1,
754 3903 785 3968 p.
808 3887 879 3948 257.
922 3881 1031 3946 Etiam
1060 3879 1094 3946 in
1119 3879 1238 3945 tabulis
1264 3872 1375 3967 liugu-

316 3981 401 4046 binis
422 3980 488 4046 hoc
507 3982 540 4046 ni
562 3982 659 4047 fallor
679 3982 938 4049 animadvertere
959 3983 1047 4049 licet:
1067 3981 1242 4070 Arputratz',
1263 3990 1375 4070 aripes,

316 4090 443 4163 aroeitu,
464 4090 593 4170 arpaldo.
695 4172 697 4177 A

398 4193 539 4254 Astasint
560 4187 736 4255 steterint«
773 4187 875 4254 Paull.
894 4188 929 4276 p.
950 4193 1000 4254 25.
1031 4187 1148 4275 Bergk.
1169 4189 1190 4253 l.
1212 4210 1240 4254 e.
1262 4187 1375 4254 Lectio

316 4287 446 4358 incerte.
469 4288 522 4358 Cf.
543 4291 657 4359 Muell.
679 4302 747 4358 not.
790 4290 838 4357 Ut
857 4311 938 4356 sero
958 4297 1026 4357 soit
1042 4295 1173 4452 (oa-sit)⁸
1186 4311 1247 4380 pro
1269 4296 1375 4372 egerit,
