3400 5042
775 571 858 660 4129

292 749 352 814 alia
374 750 534 830 ejusmodi
557 748 729 837 significat,
761 748 879 812 deinde
902 747 1000 812 etiam
1025 753 1149 813 membri
1166 752 1261 811 virilis
1282 744 1351 810 effi-

291 853 386 939 giem,
410 853 531 942 quippe
554 875 637 939 quae
659 873 710 914 res
732 849 800 914 illas
822 851 963 937 magicas
984 861 1017 914 et
1037 851 1173 915 omnino
1194 847 1350 913 invidiam

291 966 346 1018 aut
367 953 423 1018 fati
447 966 502 1018 aut
523 953 697 1016 hominum
719 975 830 1016 arcere
853 976 870 1016 a
891 953 1018 1017 rusticis
1039 962 1216 1038 putaretur.

374 1056 427 1120 Sic
449 1055 583 1120 demum
606 1053 807 1140 intelligitur,
830 1054 885 1142 qui
906 1054 1003 1118 luerit
1022 1058 1173 1119 Fascinus
1195 1053 1247 1116 ille
1269 1052 1350 1116 deus

291 1161 374 1223 inter
386 1158 566 1222 Vestalium
589 1155 748 1241 virginum
772 1179 861 1219 sacra
883 1155 1044 1233 adoratus,
1066 1157 1155 1238 cujus
1175 1155 1352 1240 imaginem

291 1271 324 1323 et
345 1259 438 1323 liberi
461 1259 546 1323 collo
569 1259 751 1343 gestabant,
780 1268 812 1321 et
833 1257 867 1320 in
888 1257 992 1321 hortis
1014 1257 1160 1344 focisque
1181 1257 1352 1344 ponebant

290 1361 455 1438 homines,
487 1383 590 1447 quum
609 1360 833 1441 fascinationes
860 1381 968 1424 arcere
990 1359 1176 1436 crederent,
1216 1380 1295 1445 quas
1316 1368 1352 1420 ut

291 1473 480 1539 averterent,
498 1461 635 1525 omnino
653 1461 753 1524 verbo
767 1462 950 1546 praefiscine
961 1461 1136 1525 utebantur
1152 1467 1199 1539 ¹⁶).
1222 1458 1351 1545 Quodsi

290 1575 397 1627 toturn
419 1563 621 1628 Faliscorum
647 1583 761 1648 agrum
789 1585 892 1649 usque
920 1561 960 1626 ad
986 1562 1161 1626 Feroniam
1190 1559 1352 1648 oppidum

291 1675 504 1751 montemque
527 1664 660 1726 Soracte
688 1662 786 1726 luisse
813 1663 1019 1749 prodigiosae
1046 1662 1353 1750 superstitiosaeque

291 1764 455 1851 religionis
477 1763 589 1828 sedern
611 1761 698 1827 haud
722 1751 1046 1829 obscurisindicatur
1062 1765 1201 1852 vestigiis
1218 1769 1269 1843 ¹⁷),
1289 1785 1352 1851 pro

291 1889 384 1931 more
407 1865 591 1953 appellandi
614 1866 710 1929 urbes
731 1864 948 1953 regionesque
966 1889 983 1930 a
1000 1867 1098 1931 rebus
1119 1866 1230 1944 sacris,
1252 1887 1352 1953 quem

290 1969 423 2031 nomina
447 1966 588 2044 Alsium,
622 1963 744 2043 Caere,
776 1967 925 2053 lguvium
942 1973 983 2048 ¹⁸)
1005 1967 1138 2044 docent,
1169 1966 1262 2031 facile
1282 1965 1352 2031 fieri

291 2080 434 2155 poterat,
455 2079 490 2132 ut
510 2071 678 2132 Pescennio
699 2068 868 2152 regionem
891 2090 1016 2133 sacram
1039 2070 1289 2155 ominosamque
1311 2070 1353 2131 si·

292 2168 474 2257 gnificaret,
506 2169 608 2256 qualis
637 2169 792 2234 Remuria
820 2180 890 2234 erat
915 2170 948 2233 in
972 2170 1133 2234 Aventino
1162 2182 1275 2234 monte
1302 2169 1352 2232 vel

292 2281 359 2334 tota
383 2271 499 2334 Albani
523 2270 644 2334 montis
666 2270 769 2356 regio,
794 2276 896 2336 sedem
908 2273 1158 2352 fascinationem.
1200 2271 1354 2358 Namque

293 2372 408 2436 eadem
430 2371 556 2436 ratione
577 2371 668 2435 locus
690 2371 723 2434 in
745 2394 823 2459 agro
847 2374 975 2455 Vejenti
1006 2377 1135 2452 Obscus,
1166 2379 1270 2458 opicus
1297 2395 1354 2437 seu

292 2480 435 2539 obscenus
456 2473 633 2537 vocabatur
648 2478 699 2553 ¹¹).

377 2577 434 2640 llis
456 2575 610 2640 omnibus
632 2575 788 2661 reputatis
810 2575 959 2641 videmus
976 2599 1052 2640 sane
1068 2577 1176 2640 verbis
1189 2581 1355 2658 fascinum,

293 2683 476 2756 Fescenniu,
501 2682 685 2742 Fescenninr‘
703 2677 846 2742 eundem
868 2679 1001 2743 subesse
1022 2677 1271 2764 superstitionis,
1297 2680 1356 2742 ob-

295 2780 485 2859 scoenitatis,
505 2779 566 2860 joci
582 2801 722 2856 sensum,
744 2801 809 2866 quo
822 2801 920 2866 supra
933 2781 1144 2867 cognovimus
1155 2791 1355 2866 congruente

295 2905 369 2945 curn
392 2883 565 2967 agrestium
588 2881 785 2945 solemnium
809 2881 920 2945 indole
937 2894 969 2946 et
980 2883 1128 2969 ipsorum
1140 2883 1355 2968 agricolarum

295 2983 424 3070 ingenio
446 2983 659 3070 moribusque
681 3006 792 3047 versus
813 2983 957 3047 ludicros
977 2985 1110 3065 jactatos
1132 3007 1211 3048 esse.

376 3086 452 3148 Jarn
467 3107 544 3149 vero
556 3085 780 3172 quaerendum
797 3084 934 3163 videtur,
956 3085 1034 3172 quid
1046 3085 1095 3164 sit,
1118 3084 1207 3172 quod
1219 3085 1356 3172 scripto·

294 3207 345 3251 res
371 3186 519 3276 plerique
542 3186 761 3251 Fescenninos
781 3210 894 3252 versus
915 3187 1074 3275 nuptiales
1095 3187 1356 3272 interpretantur.

294 3305 505 3319 m

342 3353 378 3426 ¹⁸)
397 3357 469 3411 Plin.
487 3357 524 3412 H.
543 3357 577 3411 N.
595 3357 669 3426 XIX,
686 3360 711 3422 4,
731 3359 772 3423 lb,
789 3360 821 3414 5:
857 3358 992 3430 hortoque
1010 3369 1039 3411 et
1055 3359 1117 3414 loco
1139 3370 1242 3412 tantum
1263 3369 1358 3413 contra

397 3443 576 3500 invidentium
595 3443 811 3501 effascinationes
829 3446 912 3501 dicari
928 3445 1048 3500 ridemus
1065 3446 1095 3499 iu
1112 3447 1230 3501 remedio
1243 3445 1359 3518 satyrica

400 3532 480 3603 signa.
518 3531 560 3587 Cf.
578 3531 710 3604 Hartung.
729 3532 789 3588 Hel.
808 3535 886 3589 Rom.
905 3533 926 3595 l,
945 3533 1009 3598 1⁰7,
1027 3531 1061 3595 ll,
1077 3531 1136 3586 258.
1156 3554 1195 3606 sq.

343 3617 380 3688 Π)
398 3619 531 3675 Feroniae
549 3620 579 3674 in
597 3620 730 3676 radicibus
749 3622 846 3677 montis
864 3620 982 3676 Soractis
999 3620 1073 3691 juxta
1089 3620 1159 3674 viam
1176 3621 1263 3675 Roma
1279 3620 1359 3675 Fale-

398 3706 452 3763 rios
475 3708 618 3763 ducentem
641 3709 692 3763 sito
719 3709 820 3783 oppido
846 3709 953 3764 celebre
978 3720 1034 3762 erat
1060 3707 1201 3762 delubrum
1223 3708 1359 3763 Feroniae

399 3796 474 3864 deae,
492 3794 594 3850 Telluri
604 3817 634 3851 ac
643 3797 835 3869 Persephonae
848 3795 942 3851 affinis.
961 3795 996 3848 K.
1007 3794 1042 3849 Ο.
1052 3794 1149 3851 Muell.
1158 3795 1263 3851 Etrusc.
1273 3796 1307 3859 ll,
1315 3795 1359 3849 dd.

401 3884 460 3955 lpse
477 3903 554 3937 mons
564 3884 676 3938 Soracte
695 3883 745 3939 diis
762 3885 883 3940 manibus
902 3895 959 3939 erat
975 3895 1151 3950 consecratus,
1169 3896 1197 3938 et
1205 3881 1359 3956 Appollinis

399 3970 436 4024 ibi
456 3971 540 4026 cultus
564 3990 674 4025 arcanus
697 3971 766 4043 apud
787 3985 908 4045 pastores
931 3969 1051 4025 florebat.
1087 3968 1129 4024 cf.
1147 3971 1279 4042 Hartung.
1298 3970 1360 4025 Rel.

400 4059 525 4121 Romll,
542 4078 567 4131 p.
579 4057 635 4112 19³.
664 4058 707 4113 De
725 4060 836 4132 antiquo
854 4059 926 4114 cultu
943 4057 1062 4112 Juuonis
1079 4058 1198 4112 Falisoae
1215 4057 1249 4113 cf.
1262 4055 1358 4113 Muell.

400 4145 504 4202 Etrusc.
523 4145 557 4209 ll,
574 4145 618 4209 46,
637 4143 679 4199 49.

345 4229 382 4303 ¹⁸)
401 4233 435 4288 ln
451 4232 525 4288 tebb.
543 4233 646 4306 Eugub.
665 4231 756 4289 iovina
768 4252 783 4288 s
796 4233 850 4289 iuis
869 4252 914 4288 sen
929 4232 990 4288 iure
1009 4228 1100 4301 (jore)
1119 4231 1295 4288 derivandum
1313 4245 1360 4288 est.

345 4316 382 4390 ιθ)
399 4319 472 4378 Fest.
489 4338 514 4376 v.
533 4320 649 4378 obscum.

1114 4416 1149 4474 1⁰
