3400 5042
794 553 866 626 131

385 730 486 814 Quod
509 752 586 794 vero
608 735 733 794 alternz's
754 729 914 807 versibus,
941 727 1006 794 hoc
1028 742 1077 794 est
1097 737 1278 797 occentando
1301 727 1361 819 op-

237 835 242 842 ’
301 833 434 920 probria
455 835 568 914 jactata
591 831 755 908 dicuntur,
774 855 842 896 non
861 831 997 895 dubium
1016 832 1152 912 videtur,
1174 835 1361 922 quinetiam

301 950 408 1021 gestus
430 934 539 999 faciles
566 945 597 997 et
619 933 752 1010 lascivi,
773 957 810 997 ac
838 930 917 998 rude
944 936 1151 1000 saltationum
1178 959 1295 1021 genus,
1327 947 1363 999 ut

304 1027 443 1101 Ovidius
466 1037 544 1100 locis
568 1059 663 1122 supra
686 1035 813 1121 scriptis
835 1036 969 1114 indicat,
989 1061 1067 1101 -non
1091 1039 1260 1102 mimicum
1282 1037 1362 1102 illud

303 1140 451 1228 quidem,
472 1138 527 1203 sed
550 1137 724 1201 fullonium
748 1136 836 1222 quod
856 1138 982 1204 ,Seneca
1005 1140 1160 1227 appellat,
1187 1164 1262 1204 cum
1284 1164 1362 1227 pro·
1445 1129 1447 1133 ⁸

192 1325 195 1329 ¹
302 1241 401 1305 te'rvis
419 1241 583 1304 cantilenis
599 1241 808 1320 conjunctum
826 1238 931 1304 fuerit.
963 1243 1091 1305 Tamen
1103 1244 1144 1321 K.
1158 1242 1363 1308 O.Muelleri

304 1344 461 1407 sententia
483 1343 593 1406 nescio
616 1365 656 1406 an
678 1342 786 1405 minus
811 1341 947 1427 ‚probari
975 1343 1091 1429 possit,
1123 1367 1186 1431 qua
1212 1357 1304 1430 putat
1330 1345 1364 1409 in

242 1430 244 1434 Ι
282 1457 284 1460 ’
304 1433 433 1510 Etruria
457 1445 691 1521 Fescenninos,
719 1456 754 1508 ut
775 1444 896 1508 mimos
918 1445 1105 1509 Siculorum
1126 1470 1201 1510 cum
1223 1447 1365 1511 saltatio·

305 1548 400 1612 nibus
422 1548 613 1626 conjunctos
634 1547 701 1626 jam
726 1550 759 1610 in
789 1569 921 1611 scenam
946 1547 1106 1633 prodiisse
1122 1553 1171 1627 ¹⁸).
1213 1548 1299 1612 Nam
1322 1549 1364 1613 ita

305 1649 329 1712 si
353 1661 445 1726 esset,
467 1671 536 1711 non
557 1648 624 1710 ludi
641 1648 768 1712 Etrusci
790 1651 858 1722 sine
881 1649 1024 1712 carmine
1046 1659 1079 1713 et
1099 1650 1281 1714 carminum
1293 1636 1366 1713 imi·

305 1751 481 1815 tandorum
502 1762 574 1814 actu
597 1752 739 1814 Romam
761 1750 948 1837 pervenisse
970 1750 1168 1826 dicerentur;
1190 1775 1297 1839 neque
1318 1753 1366 1821 in.-
1482 1820 1485 1824 ,

305 1853 403 1941 telligi
424 1852 506 1917 ratio
528 1863 646 1938 posset,
667 1873 725 1915 cur
746 1850 780 1914 hi
801 1850 869 1915 ludi
892 1874 928 1914 ac
939 1849 1058 1916 deinde
1069 1852 1209 1917 Atellani
1222 1856 1366 1920 Romam

306 1965 551 2030 arcesserentur,
573 1954 598 2017 si
620 1955 685 2033 jam
703 1951 897 2017 Fescennini
919 1953 985 2039 apti
1007 1953 1047 2017 ad
1070 1977 1201 2019 scenam
1223 1956 1366 2022 luissent.
1406 1980 1409 1984 ·

308 2057 459 2122 Omnino
482 2079 560 2119 vero
582 2056 644 2134 joci
666 2053 775 2118 faciles
798 2065 830 2117 et
858 2056 941 2117 acuti
969 2077 1044 2118 cum
1072 2055 1289 2122 Etruscorum>
1312 2059 1367 2132 tri-

306 2159 404 2236 stitia,
424 2158 656 2232 taciturnitate,
685 2155 875 2220 sacerdotali
898 2155 1036 2240 imperio
1058 2156 1194 2223 minime
1217 2160 1366 2224 omnium

307 2261 453 2346 gentium
477 2259 659 2322 ltalicarum
683 2257 860 2321 convenire
882 2257 1041 2321 videntur.
1433 2242 1437 2247 ⁸

391 2363 510 2427 Utrum
532 2358 671 2446 denique
694 2382 804 2423 versus
827 2359 972 2444 Virgilii:

410 2461 565 2548 »Oraque
588 2461 762 2525 corticibus
783 2472 918 2524 sumunt
938 2459 1104 2525 horrenda
1126 2463 1262 2548 cavatis«
1278 2469 1318 2542 ²⁴)
1363 2483 1379 2488 “
1440 2485 1442 2488 “
1465 2481 1467 2484 ‘
1494 2529 1498 2536 .

309 2563 525 2629 imitationem
562 2575 679 2650 poetae
718 2574 869 2650 tempore
908 2562 1057 2643 usitatam
1089 2572 1305 2650 personarum
1337 2565 1370 2628 in

308 2665 444 2731 theatris
466 2677 716 2752 conspectarum
739 2665 825 2751 apud
849 2665 1005 2750 agricolas
1027 2663 1198 2752 significet,
1219 2690 1260 2730 an
1282 2679 1372 2731 vetu-

309 2769 443 2833 stiorem
466 2790 610 2845 morem,
641 2778 788 2831 accurate
815 2763 951 2830 discerni
974 2790 1041 2833 non
1068 2779 1192 2854 potest,
1224 2770 1371 2855 quamvis

309 2870 462 2936 ridiculus
485 2881 634 2947 ornatus,
664 2868 762 2932 vestis
784 2868 978 2955 habitusque
1001 2872 1210 2947 mutationes,
1231 2871 1371 2934 simulati

311 2995 446 3050 errores,
469 2971 528 3035 alia
546 2971 707 3052 ejusmodi
721 2970 762 3034 ab
775 2970 885 3034 indole
898 2971 1072 3057 agrestium
1084 2971 1282 3036 solemnium
1294 2996 1373 3059 epu·
1459 2983 1462 2988 ’

311 3076 482 3164 larumque
501 3074 542 3138 de
561 3075 680 3160 quibus
692 3073 814 3137 dictum
827 3084 875 3136 est
890 3093 1098 3159 nequaquam
1111 3073 1309 3138 abhorreant
1324 3081 1372 3154 ²⁵).
1486 3127 1488 3130 ,

370 3169 372 3174 ’
396 3175 552 3241 Ceterum
581 3176 738 3239 mansisse
764 3173 845 3237 haec
873 3179 1006 3238 conorcr'a
1024 3175 1116 3255 festa
1140 3197 1224 3261 quae
1250 3177 1373 3240 Seneca

313 3278 457 3367 appellat
479 3279 593 3340 eadem
617 3276 752 3353 licentia,
775 3298 838 3362 qua
857 3275 1067 3362 triumphalia
1085 3277 1239 3354 carmina,
1262 3281 1375 3342 ceteris

312 3381 458 3446 versibus
480 3378 611 3446 ludicris
640 3377 799 3459 ejusmodi
828 3378 899 3468 lege
926 3377 1046 3454 vetitis,
1079 3379 1176 3441 etiam
1205 3403 1306 3466 usque
1334 3380 1374 3442 ad

313 3496 454 3548 extrema
476 3483 713 3566 imperatorum
734 3490 900 3566 tempora,
922 3477 1042 3542 docent
1062 3503 1173 3543 versus
1196 3505 1214 3545 e
1235 3482 1376 3545 Fescen-

313 3585 397 3648 ninis
426 3582 555 3648 Claudii
591 3580 762 3652 Claudiani
791 3581 824 3644 in
853 3581 981 3666 nuptias
1010 3580 1149 3644 Honorii
1182 3583 1316 3669 Augusti
1344 3594 1377 3646 et
1469 3654 1472 3661 ,

312 3686 435 3750 Mariae
457 3682 646 3771 compositis
667 3682 875 3771 deprompti:

320 4007 322 4011 ,
360 3951 398 4018 ²⁸)
415 3952 451 4005 Κ.
471 3950 506 4005 Ο.
526 3950 622 4005 Muell.
639 3951 741 4006 Etrucs.
763 3948 799 4014 ll,
816 3946 877 4002 282.
895 3948 929 4004 cf.
940 3948 1009 4004 zell.
1026 3949 1116 4022 script.
1133 3949 1194 4005 Fer.
1206 3948 1240 4012 ll,
1258 3968 1283 4021 p.
1301 3948 1360 4003 lae.

360 4036 398 4108 ²⁴)
416 4038 491 4110 Virg.
512 4038 611 4110 Georg.
630 4037 742 4102 11,³85.
877 4056 880 4064 ’
982 4101 984 4104 y
1295 4032 1298 4037 ἢ

361 4123 399 4195 ¹⁶)
418 4125 464 4182 Sic
482 4126 560 4181 etiem
577 4125 701 4181 tibicines
712 4124 911 4198 Quinquatruum
929 4123 1023 4179 diebus
1041 4122 1248 4190 versicoloribus
1260 4123 1378 4178 vestibus

420 4224 448 4270 et
469 4211 591 4286 personis
616 4212 703 4268 induti
725 4231 775 4284 per
802 4213 895 4268 urbem
918 4231 1014 4284 vagare
1037 4211 1161 4268 solebant
1187 4210 1245 4265 Liv.
1264 4210 1311 4275 lx,
1333 4211 1381 4277 ³⁰3

418 4298 510 4357 Valar.
528 4298 639 4356 Maxim.
657 4298 693 4366 ll,
710 4301 736 4364 h,
753 4299 779 4355 4.
