3400 5042
811 561 883 636 187

320 734 549 801 tantummodo
578 747 683 812 erant,
712 735 811 800 lusius
839 736 983 824 exposita
1010 736 1204 824 legerentur.
1248 735 1377 802 Deinde

320 860 421 925 quum
444 835 637 922 gravissimis
663 835 860 922 reipublicae
882 839 1050 902 Romanae
1076 837 1281 924 temporibus
1300 860 1378 924 pro·

321 939 403 1024 digia
425 937 555 1024 publice
577 949 837 1023 procurarentur,
860 949 969 1002 vatum
987 938 1225 1025 praedictiones
1243 937 1378 1003 ederen-

319 1049 383 1115 tur,
404 1059 571 1127 quumque
594 1024 1023 1125 comprecationesdeorum
1035 1040 1149 1119 juberi,
1171 1039 1374 1127 templorum

320 1136 567 1228 spoliorumque
600 1137 819 1205 dedicationes
853 1139 988 1216 institui,
1032 1140 1213 1205 deditiones
1243 1139 1377 1205 fortium

322 1239 468 1303 virorum
491 1261 553 1328 pro
576 1239 696 1328 patriae
719 1239 819 1305 salute
842 1239 910 1305 fieri
933 1240 1089 1318 solerent,
1120 1241 1239 1306 harum
1266 1263 1378 1307 rerum

321 1363 452 1405 necesse
474 1351 556 1416 erat,
588 1339 728 1417 admixta
759 1341 966 1406 sacerdotum
993 1342 1211 1429 superstitiosa
1233 1355 1380 1408 contem·

321 1443 463 1530 piatione
492 1441 632 1530 ideoque
651 1436 786 1522 'majore
814 1445 846 1507 in
870 1443 1000 1529 singulis
1027 1444 1223 1530 explicandis
1244 1467 1319 1508 cura
1342 1467 1378 1508 ac

322 1544 499 1630 diligentia,
531 1567 629 1630 quam
657 1545 689 1607 in
717 1544 854 1631 publicis
882 1545 970 1608 lastis
992 1547 1170 1633 ceterisque
1192 1546 1216 1609 si
1240 1569 1302 1633 qua
1325 1571 1378 1609 ex·

321 1649 448 1711 stabant
469 1646 703 1722 monumentis,
726 1669 822 1734 saepe
843 1647 969 1711 mentio
992 1648 1089 1711 lieret¹
1105 1649 1137 1710 in
1158 1647 1209 1710 his
1230 1647 1379 1711 sacerdo-

322 1763 390 1813 tum
413 1748 511 1812 libris.
544 1749 687 1812 Maxime
704 1772 781 1812 vero
799 1749 1125 1813 animadvertendum
1142 1775 1179 1813 ac
1190 1751 1379 1827 tenendum,

323 1851 383 1916 hos
404 1851 520 1927 libros,
542 1875 644 1938 quum
656 1851 737 1914 Livii
758 1852 945 1915 testimonio
961 1852 1115 1938 pleraque
1128 1853 1294 1916 literarum
1307 1875 1379 1915 mo·

323 1964 477 2017 numenta
511 1952 638 2017 Gallico
671 1952 820 2017 incendio
853 1953 1033 2038 periissent,
1071 1979 1232 2018 unacum
1266 1955 1379 2018 ceteris

323 2056 419 2119 rebus
441 2055 537 2119 saeris
559 2077 575 2118 a
598 2054 820 2118 sacerdotibus
842 2067 986 2120 servatos
1008 2080 1076 2120 esse
1094 2061 1149 2136 ¹¹),
1172 2057 1258 2120 unde
1281 2057 1379 2120 etiam

321 2157 509 2244 posteriore·
532 2169 635 2220 aetate
667 2157 892 2220 commentarii
921 2158 1070 2235 Romuli,
1107 2159 1253 2235 Numae,
1291 2158 1378 2222 Tulli

324 2259 461 2337 Hostilii,
483 2257 563 2322 Anci
587 2257 693 2322 Martii
716 2271 841 2322 exstare
863 2260 1069 2345 putabantur.

406 2360 518 2425 Simile
541 2383 619 2423 vero
637 2360 722 2423 valet
740 2360 837 2424 etiam
856 2361 896 2424 de
910 2361 1088 2425 Annalibus
1099 2361 1259 2426 Maximis.
1292 2361 1378 2425 Nam

323 2462 471 2551 quamvis
500 2473 626 2545 constet
657 2462 803 2542 jejunum
831 2461 928 2526 luisse
962 2463 1053 2526 iniis
1081 2464 1242 2528 scribendi
1270 2486 1380 2550 genus,

323 2588 398 2654 quo,
414 2564 492 2653 quid
504 2585 704 2651 unoquoque
717 2587 803 2627 anno
816 2575 943 2650 gestum
956 2577 1047 2641 esset,
1060 2567 1162 2651 magis
1175 2589 1380 2630 enumerare·

321 2679 381 2745 tur,
404 2688 502 2754 quam
514 2676 718 2730 enarraretur
735 2671 785 2744 ¹¹),
805 2677 925 2744 tamen,
942 2667 1097 2753 quoniam
1111 2691 1212 2755 usque
1225 2667 1264 2730 ad
1278 2665 1381 2753 Ogul-

323 2769 409 2833 niam
433 2778 519 2833 certe
541 2766 647 2851 legem
665 2767 833 2854 apatririis
855 2769 1077 2834 sacerdotibus
1089 2769 1380 2844 conscriberentur,

323 2881 580 2935 consentaneum
608 2880 667 2947 est,
703 2869 800 2933 etiam
828 2870 1073 2956 superstitiones
1100 2891 1230 2946 omnes,
1263 2871 1379 2957 quibus

323 2985 378 3037 aut
398 2973 530 3060 plebem
558 2971 760 3058 obstringere
790 2972 920 3050 vellent,
953 2985 1007 3036 aut
1032 2997 1065 3037 se
1092 2973 1181 3061 ipsos
1208 2973 1381 3036 obstrictos

322 3076 365 3139 illi
388 3075 552 3162 sentirent,
574 3073 607 3137 in
632 3073 773 3138 Annales
785 3075 949 3138 Maximos
961 3099 1117 3140 manasse.
1150 3075 1380 3160 Quamobrem

324 3191 356 3242 et
373 3177 458 3242 Cato
481 3195 517 3240 ac
534 3176 656 3241 Plinius
677 3177 799 3241 multos
822 3201 878 3241 eos
901 3177 998 3242 fuisse
1016 3202 1092 3242 cum
1109 3178 1217 3242 taedio
1236 3177 1379 3264 quodam

323 3281 455 3345 tradunt
481 3280 513 3344 in
540 3279 715 3366 nugatoriis
743 3280 1024 3371 superstitionibus
1051 3280 1247 3367 explicandis
1266 3286 1317 3358 ¹¹),
1349 3291 1381 3342 et

322 3448 526 3458 *ffl—

374 3531 399 3602 ⁹)
417 3535 491 3589 Fest.
509 3555 533 3587 v.
552 3533 671 3588 Riluales
689 3555 714 3606 p.
732 3533 791 3588 285.

369 3619 405 3690 ¹⁰)
423 3623 481 3675 Liv.
500 3622 549 3686 Vl,
568 3623 591 3677 l.
610 3623 689 3678 Nieb.
708 3623 779 3677 Hist.
798 3623 875 3677 Rom.
893 3624 928 3688 ll,
946 3644 972 3695 p.
990 3625 1016 3688 2,
1033 3625 1059 3678 3.

368 3708 404 3779 ¹¹)
424 3710 465 3764 Cf.
487 3709 541 3765 Cic.
561 3713 594 3765 de
614 3711 665 3765 Or.
682 3712 716 3774 ll,
736 3712 808 3765 1-2.
844 3713 920 3766 Seru.
941 3713 1007 3767 Aen.
1026 3713 1047 3777 I,
1064 3713 1123 3767 373.
1152 3711 1223 3766 Gell.
1243 3712 1276 3764 N.
1297 3710 1327 3763 Α.
1347 3709 1382 3772 V,

425 3797 466 3862 18,
484 3799 507 3852 7.
543 3799 668 3854 Diomed.
688 3801 778 3872 lll,p.
797 3800 856 3854 480.

370 3885 405 3955 ¹¹)
426 3886 495 3942 Cato
515 3886 609 3960 Origg.
629 3909 668 3961 ap.
690 3888 760 3942 Gell.
780 3889 813 3941 N.
833 3889 864 3942 Α.
885 3890 920 3952 ll,
942 3889 985 3951 28,
1002 3890 1027 3942 6.
1055 3887 1119 3944 dicit
1145 3888 1272 3959 scriptum
1300 3885 1381 3938 luisse

426 3976 454 4029 in
477 3976 567 4030 tabula
587 3977 656 4049 apud
683 3975 851 4050 pontificem,
879 3976 1002 4049 quotiens
1026 3997 1136 4031 annona
1159 3998 1231 4037 cara,
1258 3975 1382 4047 quotiens

425 4065 516 4118 Lunae
534 4077 579 4118 aut
596 4065 667 4119 Solis
691 4063 783 4119 lumini
806 4065 891 4137 caligo
914 4079 959 4120 aut
982 4067 1046 4138 quid
1065 4065 1200 4121 obstiterit
1222 4063 1327 4117 Plinius
1345 4063 1382 4114 Η.

426 4153 460 4206 Ν.
480 4153 554 4217 Vlll,
573 4175 594 4208 c.
612 4155 658 4210 57:
680 4175 740 4209 narn
760 4155 875 4209 soricum
894 4168 1005 4210 occentu
1025 4155 1113 4208 dirimi
1131 4153 1246 4226 auspicia
1266 4149 1383 4204 llnnales

426 4241 538 4294 refertos
559 4241 694 4297 habemus.
731 4242 786 4298 Cic.
806 4243 846 4297 de.
865 4243 943 4315 Legg.
963 4245 984 4311 Ι,
1002 4245 1026 4296 2.
1045 4243 1162 4313 jejunum
1185 4241 1299 4314 appellat
1316 4237 1382 4293 scri·
1467 4237 1472 4248 ’

424 4329 508 4384 bendi
525 4350 615 4402 genus.
