<?xml version="1.0" encoding="UTF-8"?>
<!DOCTYPE html PUBLIC "-//W3C//DTD XHTML 1.0 Transitional//EN"
    "http://www.w3.org/TR/xhtml1/DTD/xhtml1-transitional.dtd">
<html xmlns="http://www.w3.org/1999/xhtml" xml:lang="en" lang="en">
 <head>
  <title>
</title>
<meta http-equiv="Content-Type" content="text/html;charset=utf-8" />
  <meta name='ocr-system' content='tesseract 3.04.00' />
  <meta name='ocr-capabilities' content='ocr_page ocr_carea ocr_par ocr_line ocrx_word'/>
</head>
<body>
  <div class='ocr_page' id='page_1' title='image "./originespoesisr00corsgoog/originespoesisr00corsgoog_0145.png"; bbox 0 0 3400 5042; ppageno 0'>
   <div class='ocr_carea' id='block_1_1' title="bbox 819 535 894 613">
    <p class='ocr_par' dir='ltr' id='par_1_1' title="bbox 819 535 894 613">
     <span class='ocr_line' id='line_1_1' title="bbox 819 535 894 613; baseline 0.027 -4"><span class='ocrx_word' id='word_1_1' title='bbox 819 535 894 613; x_wconf 69' lang='lat'><strong>135</strong></span> 
     </span>
    </p>
   </div>
   <div class='ocr_carea' id='block_1_2' title="bbox 266 706 1385 1205">
    <p class='ocr_par' dir='ltr' id='par_1_2' title="bbox 266 706 1385 1205">
     <span class='ocr_line' id='line_1_2' title="bbox 266 706 1384 799; baseline 0.004 -28"><span class='ocrx_word' id='word_1_2' title='bbox 266 707 267 710; x_wconf 63' lang='grc'>’</span> <span class='ocrx_word' id='word_1_3' title='bbox 325 709 394 775; x_wconf 91' lang='lat' dir='ltr'><strong>vius</strong></span> <span class='ocrx_word' id='word_1_4' title='bbox 417 706 596 787; x_wconf 88' lang='lat' dir='ltr'><strong>Camillum</strong></span> <span class='ocrx_word' id='word_1_5' title='bbox 618 710 695 778; x_wconf 88' lang='lat' dir='ltr'><strong>dicit</strong></span> <span class='ocrx_word' id='word_1_6' title='bbox 716 716 793 799; x_wconf 78' lang='lat' dir='ltr'><strong>ister</strong></span> <span class='ocrx_word' id='word_1_7' title='bbox 804 715 896 794; x_wconf 87' lang='lat' dir='ltr'><strong>jocos</strong></span> <span class='ocrx_word' id='word_1_8' title='bbox 916 716 1063 777; x_wconf 85' lang='lat' dir='ltr'><strong>militares</strong></span> <span class='ocrx_word' id='word_1_9' title='bbox 1084 710 1267 776; x_wconf 82' lang='lat' dir='ltr'><strong>Romulum</strong></span> <span class='ocrx_word' id='word_1_10' title='bbox 1294 710 1384 777; x_wconf 83' lang='lat' dir='ltr'><strong>haud</strong></span> 
     </span>
     <span class='ocr_line' id='line_1_3' title="bbox 320 812 1383 900; baseline 0.002 -26"><span class='ocrx_word' id='word_1_11' title='bbox 320 812 415 876; x_wconf 65' lang='lat' dir='ltr'><strong>&#39;vanis</strong></span> <span class='ocrx_word' id='word_1_12' title='bbox 436 817 574 878; x_wconf 78' lang='lat' dir='ltr'><em>laudibus</em></span> <span class='ocrx_word' id='word_1_13' title='bbox 596 813 793 900; x_wconf 89' lang='lat' dir='ltr'><strong>appellatum</strong></span> <span class='ocrx_word' id='word_1_14' title='bbox 816 837 895 891; x_wconf 88' lang='lat' dir='ltr'><strong>esse,</strong></span> <span class='ocrx_word' id='word_1_15' title='bbox 917 813 950 876; x_wconf 90' lang='lat' dir='ltr'><strong>in</strong></span> <span class='ocrx_word' id='word_1_16' title='bbox 972 812 1137 876; x_wconf 87' lang='lat' dir='ltr'><strong>versieulis</strong></span> <span class='ocrx_word' id='word_1_17' title='bbox 1159 813 1300 877; x_wconf 88' lang='lat' dir='ltr'><strong>militum</strong></span> <span class='ocrx_word' id='word_1_18' title='bbox 1322 812 1383 877; x_wconf 92' lang='lat' dir='ltr'><strong>illis</strong></span> 
     </span>
     <span class='ocr_line' id='line_1_4' title="bbox 326 899 1385 1003; baseline -0.001 -25"><span class='ocrx_word' id='word_1_19' title='bbox 326 937 438 978; x_wconf 86' lang='lat' dir='ltr'><strong>severa</strong></span> <span class='ocrx_word' id='word_1_20' title='bbox 462 939 536 978; x_wconf 92' lang='lat' dir='ltr'><strong>cum</strong></span> <span class='ocrx_word' id='word_1_21' title='bbox 560 915 639 993; x_wconf 87' lang='lat' dir='ltr'><strong>jocis</strong></span> <span class='ocrx_word' id='word_1_22' title='bbox 661 915 702 978; x_wconf 88' lang='lat' dir='ltr'><strong>ita</strong></span> <span class='ocrx_word' id='word_1_23' title='bbox 731 915 829 979; x_wconf 87' lang='lat' dir='ltr'><strong>mixta</strong></span> <span class='ocrx_word' id='word_1_24' title='bbox 858 927 955 1003; x_wconf 86' lang='lat' dir='ltr'><strong>atque</strong></span> <span class='ocrx_word' id='word_1_25' title='bbox 984 938 1128 978; x_wconf 88' lang='lat' dir='ltr'><strong>connexa</strong></span> <span class='ocrx_word' id='word_1_26' title='bbox 1145 899 1316 989; x_wconf 68' lang='lat' dir='ltr'><strong>ridentur,</strong></span> <span class='ocrx_word' id='word_1_27' title='bbox 1348 925 1385 977; x_wconf 88' lang='lat' dir='ltr'><strong>ut</strong></span> 
     </span>
     <span class='ocr_line' id='line_1_5' title="bbox 326 1015 1383 1104; baseline 0.001 -26"><span class='ocrx_word' id='word_1_28' title='bbox 326 1017 463 1102; x_wconf 78' lang='lat' dir='ltr'><strong>disjungi</strong></span> <span class='ocrx_word' id='word_1_29' title='bbox 495 1039 557 1104; x_wconf 92' lang='lat' dir='ltr'><strong>pro</strong></span> <span class='ocrx_word' id='word_1_30' title='bbox 579 1016 624 1080; x_wconf 90' lang='lat' dir='ltr'><strong>rei</strong></span> <span class='ocrx_word' id='word_1_31' title='bbox 646 1027 759 1080; x_wconf 89' lang='lat' dir='ltr'><strong>natura</strong></span> <span class='ocrx_word' id='word_1_32' title='bbox 792 1017 929 1081; x_wconf 88' lang='lat' dir='ltr'><strong>minime</strong></span> <span class='ocrx_word' id='word_1_33' title='bbox 960 1016 1114 1103; x_wconf 79' lang='lat' dir='ltr'><strong>possint·</strong></span> <span class='ocrx_word' id='word_1_34' title='bbox 1144 1018 1253 1103; x_wconf 82' lang='lat' dir='ltr'><strong>Atque</strong></span> <span class='ocrx_word' id='word_1_35' title='bbox 1285 1015 1383 1080; x_wconf 89' lang='lat' dir='ltr'><strong>etiam</strong></span> 
     </span>
     <span class='ocr_line' id='line_1_6' title="bbox 324 1114 1384 1205; baseline -0.002 -23"><span class='ocrx_word' id='word_1_36' title='bbox 324 1117 466 1203; x_wconf 74' lang='lat' dir='ltr'><strong>gestibus</strong></span> <span class='ocrx_word' id='word_1_37' title='bbox 494 1117 703 1204; x_wconf 84' lang='lat' dir='ltr'><strong>motibusque</strong></span> <span class='ocrx_word' id='word_1_38' title='bbox 730 1117 849 1182; x_wconf 82' lang='lat' dir='ltr'><strong>milites</strong></span> <span class='ocrx_word' id='word_1_39' title='bbox 882 1119 957 1182; x_wconf 91' lang='lat' dir='ltr'><strong>vino</strong></span> <span class='ocrx_word' id='word_1_40' title='bbox 990 1117 1158 1205; x_wconf 77' lang='lat' dir='ltr'><strong>epulisque</strong></span> <span class='ocrx_word' id='word_1_41' title='bbox 1191 1114 1384 1182; x_wconf 86' lang='lat' dir='ltr'><strong>exhilaratos</strong></span> 
     </span>
    </p>
   </div>
   <div class='ocr_carea' id='block_1_3' title="bbox 243 1217 1384 3859">
    <p class='ocr_par' dir='ltr' id='par_1_3' title="bbox 243 1217 1383 1488">
     <span class='ocr_line' id='line_1_7' title="bbox 324 1217 1383 1306; baseline 0.001 -25"><span class='ocrx_word' id='word_1_42' title='bbox 324 1219 488 1304; x_wconf 76' lang='lat' dir='ltr'><strong>gaudium,</strong></span> <span class='ocrx_word' id='word_1_43' title='bbox 505 1220 758 1306; x_wconf 79' lang='lat' dir='ltr'><strong>protervitatem,</strong></span> <span class='ocrx_word' id='word_1_44' title='bbox 774 1219 947 1285; x_wconf 88' lang='lat' dir='ltr'><strong>ludibrium</strong></span> <span class='ocrx_word' id='word_1_45' title='bbox 960 1243 1055 1285; x_wconf 81' lang='lat' dir='ltr'><strong>strum</strong></span> <span class='ocrx_word' id='word_1_46' title='bbox 1068 1217 1258 1305; x_wconf 76' lang='lat' dir='ltr'><strong>expressisse</strong></span> <span class='ocrx_word' id='word_1_47' title='bbox 1270 1240 1383 1306; x_wconf 79' lang='lat' dir='ltr'><strong>reapse</strong></span> 
     </span>
     <span class='ocr_line' id='line_1_8' title="bbox 243 1311 1383 1408; baseline 0.003 -26"><span class='ocrx_word' id='word_1_48' title='bbox 243 1357 245 1362; x_wconf 83' lang='lat'><strong>.</strong></span> <span class='ocrx_word' id='word_1_49' title='bbox 325 1311 524 1407; x_wconf 74' lang='lat' dir='ltr'><strong>intelligitur,</strong></span> <span class='ocrx_word' id='word_1_50' title='bbox 556 1322 643 1407; x_wconf 89' lang='lat' dir='ltr'><strong>unde</strong></span> <span class='ocrx_word' id='word_1_51' title='bbox 666 1333 771 1386; x_wconf 88' lang='lat' dir='ltr'><strong>totum</strong></span> <span class='ocrx_word' id='word_1_52' title='bbox 793 1321 859 1386; x_wconf 92' lang='lat' dir='ltr'><strong>hoc</strong></span> <span class='ocrx_word' id='word_1_53' title='bbox 880 1344 982 1408; x_wconf 77' lang='lat' dir='ltr'><strong>genus</strong></span> <span class='ocrx_word' id='word_1_54' title='bbox 1009 1320 1243 1385; x_wconf 82' lang='lat' dir='ltr'><strong>cantilenarum</strong></span> <span class='ocrx_word' id='word_1_55' title='bbox 1269 1330 1383 1407; x_wconf 87' lang='lat' dir='ltr'><strong>postea</strong></span> 
     </span>
     <span class='ocr_line' id='line_1_9' title="bbox 326 1423 1099 1488; baseline 0.001 -3"><span class='ocrx_word' id='word_1_56' title='bbox 326 1423 565 1487; x_wconf 85' lang='lat' dir='ltr'><strong>saltatiunculae</strong></span> <span class='ocrx_word' id='word_1_57' title='bbox 588 1423 653 1487; x_wconf 86' lang='lat' dir='ltr'><strong>sive</strong></span> <span class='ocrx_word' id='word_1_58' title='bbox 676 1424 840 1488; x_wconf 88' lang='lat' dir='ltr'><strong>ballisteae</strong></span> <span class='ocrx_word' id='word_1_59' title='bbox 863 1434 994 1488; x_wconf 88' lang='lat' dir='ltr'><strong>vocatae</strong></span> <span class='ocrx_word' id='word_1_60' title='bbox 1016 1423 1099 1487; x_wconf 86' lang='lat' dir='ltr'><strong>sunt.</strong></span> 
     </span>
    </p>

    <p class='ocr_par' dir='ltr' id='par_1_4' title="bbox 306 1525 1384 2421">
     <span class='ocr_line' id='line_1_10' title="bbox 410 1525 1383 1612; baseline 0.002 -24"><span class='ocrx_word' id='word_1_61' title='bbox 410 1528 513 1589; x_wconf 88' lang='lat' dir='ltr'><strong>[locet</strong></span> <span class='ocrx_word' id='word_1_62' title='bbox 529 1538 638 1589; x_wconf 88' lang='lat' dir='ltr'><strong>autem</strong></span> <span class='ocrx_word' id='word_1_63' title='bbox 652 1526 796 1612; x_wconf 88' lang='lat' dir='ltr'><strong>ipsorum</strong></span> <span class='ocrx_word' id='word_1_64' title='bbox 809 1526 996 1606; x_wconf 89' lang='lat' dir='ltr'><strong>hujusmodi</strong></span> <span class='ocrx_word' id='word_1_65' title='bbox 1010 1525 1253 1602; x_wconf 90' lang='lat' dir='ltr'><strong>versiculorum,</strong></span> <span class='ocrx_word' id='word_1_66' title='bbox 1272 1526 1383 1612; x_wconf 86' lang='lat' dir='ltr'><strong>quales</strong></span> 
     </span>
     <span class='ocr_line' id='line_1_11' title="bbox 325 1626 1384 1715; baseline -0.003 -22"><span class='ocrx_word' id='word_1_67' title='bbox 325 1628 410 1715; x_wconf 82' lang='lat' dir='ltr'><strong>apud</strong></span> <span class='ocrx_word' id='word_1_68' title='bbox 433 1629 626 1692; x_wconf 86' lang='lat' dir='ltr'><strong>Suetonium</strong></span> <span class='ocrx_word' id='word_1_69' title='bbox 649 1629 765 1691; x_wconf 88' lang='lat' dir='ltr'><strong>servati</strong></span> <span class='ocrx_word' id='word_1_70' title='bbox 788 1640 875 1703; x_wconf 89' lang='lat' dir='ltr'><strong>sunt,</strong></span> <span class='ocrx_word' id='word_1_71' title='bbox 897 1627 1146 1712; x_wconf 89' lang='lat' dir='ltr'><strong>contemplatio,</strong></span> <span class='ocrx_word' id='word_1_72' title='bbox 1167 1626 1209 1689; x_wconf 91' lang='lat' dir='ltr'><strong>ita</strong></span> <span class='ocrx_word' id='word_1_73' title='bbox 1232 1644 1288 1689; x_wconf 88' lang='lat' dir='ltr'><strong>eos</strong></span> <span class='ocrx_word' id='word_1_74' title='bbox 1310 1649 1384 1690; x_wconf 87' lang='lat' dir='ltr'><strong>can-</strong></span> 
     </span>
     <span class='ocr_line' id='line_1_12' title="bbox 324 1728 1384 1817; baseline -0.001 -23"><span class='ocrx_word' id='word_1_75' title='bbox 324 1733 430 1794; x_wconf 90' lang='lat' dir='ltr'><strong>titatos</strong></span> <span class='ocrx_word' id='word_1_76' title='bbox 453 1754 535 1807; x_wconf 90' lang='lat' dir='ltr'><strong>esse,</strong></span> <span class='ocrx_word' id='word_1_77' title='bbox 567 1742 615 1807; x_wconf 87' lang='lat' dir='ltr'><strong>ut,</strong></span> <span class='ocrx_word' id='word_1_78' title='bbox 642 1753 744 1817; x_wconf 93' lang='lat' dir='ltr'><strong>quum</strong></span> <span class='ocrx_word' id='word_1_79' title='bbox 767 1731 866 1794; x_wconf 90' lang='lat' dir='ltr'><strong>altera</strong></span> <span class='ocrx_word' id='word_1_80' title='bbox 888 1753 963 1816; x_wconf 90' lang='lat' dir='ltr'><strong>pars</strong></span> <span class='ocrx_word' id='word_1_81' title='bbox 985 1730 1128 1792; x_wconf 89' lang='lat' dir='ltr'><strong>militum</strong></span> <span class='ocrx_word' id='word_1_82' title='bbox 1156 1728 1247 1791; x_wconf 89' lang='lat' dir='ltr'><strong>ducis</strong></span> <span class='ocrx_word' id='word_1_83' title='bbox 1269 1729 1384 1815; x_wconf 88' lang='lat' dir='ltr'><strong>ampli·</strong></span> 
     </span>
     <span class='ocr_line' id='line_1_13' title="bbox 323 1829 1383 1918; baseline -0.002 -22"><span class='ocrx_word' id='word_1_84' title='bbox 323 1833 470 1896; x_wconf 89' lang='lat' dir='ltr'><strong>tudinem</strong></span> <span class='ocrx_word' id='word_1_85' title='bbox 497 1832 610 1895; x_wconf 89' lang='lat' dir='ltr'><strong>mirata</strong></span> <span class='ocrx_word' id='word_1_86' title='bbox 638 1832 814 1918; x_wconf 89' lang='lat' dir='ltr'><strong>titulosque</strong></span> <span class='ocrx_word' id='word_1_87' title='bbox 842 1831 1005 1894; x_wconf 87' lang='lat' dir='ltr'><strong>factorum</strong></span> <span class='ocrx_word' id='word_1_88' title='bbox 1038 1831 1071 1894; x_wconf 89' lang='lat' dir='ltr'><strong>in</strong></span> <span class='ocrx_word' id='word_1_89' title='bbox 1099 1829 1217 1893; x_wconf 89' lang='lat' dir='ltr'><strong>tabulis</strong></span> <span class='ocrx_word' id='word_1_90' title='bbox 1248 1830 1383 1915; x_wconf 89' lang='lat' dir='ltr'><strong>prolatis</strong></span> 
     </span>
     <span class='ocr_line' id='line_1_14' title="bbox 322 1930 1384 2020; baseline -0.001 -22"><span class='ocrx_word' id='word_1_91' title='bbox 322 1934 494 2020; x_wconf 90' lang='lat' dir='ltr'><strong>inscriptos</strong></span> <span class='ocrx_word' id='word_1_92' title='bbox 517 1934 696 2019; x_wconf 83' lang='lat' dir='ltr'><strong>adspiciens</strong></span> <span class='ocrx_word' id='word_1_93' title='bbox 718 1933 847 1996; x_wconf 91' lang='lat' dir='ltr'><strong>laudem</strong></span> <span class='ocrx_word' id='word_1_94' title='bbox 872 1932 912 1996; x_wconf 91' lang='lat' dir='ltr'><strong>de</strong></span> <span class='ocrx_word' id='word_1_95' title='bbox 935 1956 974 1996; x_wconf 91' lang='lat' dir='ltr'><strong>eo</strong></span> <span class='ocrx_word' id='word_1_96' title='bbox 992 1933 1143 1996; x_wconf 86' lang='lat' dir='ltr'><strong>brevibus</strong></span> <span class='ocrx_word' id='word_1_97' title='bbox 1166 1930 1384 2017; x_wconf 84' lang='lat' dir='ltr'><strong>praedicasset</strong></span> 
     </span>
     <span class='ocr_line' id='line_1_15' title="bbox 323 2033 1382 2122; baseline -0.001 -23"><span class='ocrx_word' id='word_1_98' title='bbox 323 2037 473 2122; x_wconf 90' lang='lat' dir='ltr'><strong>aliquam,</strong></span> <span class='ocrx_word' id='word_1_99' title='bbox 495 2035 592 2098; x_wconf 88' lang='lat' dir='ltr'><strong>altera</strong></span> <span class='ocrx_word' id='word_1_100' title='bbox 616 2047 728 2098; x_wconf 89' lang='lat' dir='ltr'><strong>contra</strong></span> <span class='ocrx_word' id='word_1_101' title='bbox 751 2058 825 2122; x_wconf 91' lang='lat' dir='ltr'><strong>pars</strong></span> <span class='ocrx_word' id='word_1_102' title='bbox 843 2036 917 2114; x_wconf 89' lang='lat' dir='ltr'><strong>joco</strong></span> <span class='ocrx_word' id='word_1_103' title='bbox 937 2034 1046 2121; x_wconf 88' lang='lat' dir='ltr'><strong>aliquo</strong></span> <span class='ocrx_word' id='word_1_104' title='bbox 1065 2034 1106 2097; x_wconf 90' lang='lat' dir='ltr'><strong>ad</strong></span> <span class='ocrx_word' id='word_1_105' title='bbox 1122 2033 1154 2097; x_wconf 92' lang='lat' dir='ltr'><strong>id</strong></span> <span class='ocrx_word' id='word_1_106' title='bbox 1168 2033 1274 2119; x_wconf 89' lang='lat' dir='ltr'><strong>ipsum</strong></span> <span class='ocrx_word' id='word_1_107' title='bbox 1292 2034 1382 2122; x_wconf 92' lang='lat' dir='ltr'><strong>quod</strong></span> 
     </span>
     <span class='ocr_line' id='line_1_16' title="bbox 306 2133 1384 2223; baseline 0.001 -24"><span class='ocrx_word' id='word_1_108' title='bbox 306 2138 367 2200; x_wconf 52' lang='lat' dir='ltr'><strong>‘illi</strong></span> <span class='ocrx_word' id='word_1_109' title='bbox 396 2137 586 2201; x_wconf 85' lang='lat' dir='ltr'><strong>cecinissent</strong></span> <span class='ocrx_word' id='word_1_110' title='bbox 619 2137 706 2199; x_wconf 91' lang='lat' dir='ltr'><strong>edito</strong></span> <span class='ocrx_word' id='word_1_111' title='bbox 741 2136 966 2222; x_wconf 89' lang='lat' dir='ltr'><strong>responderet.</strong></span> <span class='ocrx_word' id='word_1_112' title='bbox 1016 2137 1063 2199; x_wconf 90' lang='lat' dir='ltr'><strong>lta</strong></span> <span class='ocrx_word' id='word_1_113' title='bbox 1091 2137 1124 2199; x_wconf 91' lang='lat' dir='ltr'><strong>in</strong></span> <span class='ocrx_word' id='word_1_114' title='bbox 1152 2133 1302 2223; x_wconf 85' lang='lat' dir='ltr'><strong>Caesaris</strong></span> <span class='ocrx_word' id='word_1_115' title='bbox 1328 2136 1384 2200; x_wconf 89' lang='lat' dir='ltr'><strong>tri-</strong></span> 
     </span>
     <span class='ocr_line' id='line_1_17' title="bbox 322 2238 1033 2325; baseline -0.001 -24"><span class='ocrx_word' id='word_1_116' title='bbox 322 2238 449 2325; x_wconf 90' lang='lat' dir='ltr'><strong>umpho</strong></span> <span class='ocrx_word' id='word_1_117' title='bbox 472 2258 574 2325; x_wconf 92' lang='lat' dir='ltr'><strong>quum</strong></span> <span class='ocrx_word' id='word_1_118' title='bbox 596 2238 630 2301; x_wconf 92' lang='lat' dir='ltr'><strong>hi</strong></span> <span class='ocrx_word' id='word_1_119' title='bbox 651 2240 849 2318; x_wconf 84' lang='lat' dir='ltr'><strong>jactarentur</strong></span> <span class='ocrx_word' id='word_1_120' title='bbox 870 2250 999 2301; x_wconf 88' lang='lat' dir='ltr'><strong>versus:</strong></span> <span class='ocrx_word' id='word_1_121' title='bbox 1032 2279 1033 2283; x_wconf 58' lang='lat'><em>=</em></span> 
     </span>
     <span class='ocr_line' id='line_1_18' title="bbox 322 2341 1361 2421; baseline 0.003 -17"><span class='ocrx_word' id='word_1_122' title='bbox 322 2341 384 2404; x_wconf 85' lang='lat' dir='ltr'><strong>No.</strong></span> <span class='ocrx_word' id='word_1_123' title='bbox 407 2347 456 2404; x_wconf 79' lang='lat'><strong>21.</strong></span> <span class='ocrx_word' id='word_1_124' title='bbox 531 2344 651 2404; x_wconf 85' lang='lat' dir='ltr'><strong>Gallias</strong></span> <span class='ocrx_word' id='word_1_125' title='bbox 675 2344 790 2404; x_wconf 89' lang='lat' dir='ltr'><strong>Caesar</strong></span> <span class='ocrx_word' id='word_1_126' title='bbox 810 2345 938 2420; x_wconf 65' lang='lat' dir='ltr'><strong>subegit,</strong></span> <span class='ocrx_word' id='word_1_127' title='bbox 959 2342 1138 2404; x_wconf 83' lang='lat' dir='ltr'><strong>Nicomedes</strong></span> <span class='ocrx_word' id='word_1_128' title='bbox 1151 2343 1311 2404; x_wconf 86' lang='lat' dir='ltr'><strong>Caesarem</strong></span> <span class='ocrx_word' id='word_1_129' title='bbox 1325 2345 1361 2421; x_wconf 80' lang='lat'><strong>⁵).</strong></span> 
     </span>
    </p>

    <p class='ocr_par' dir='ltr' id='par_1_5' title="bbox 319 2445 1383 3345">
     <span class='ocr_line' id='line_1_19' title="bbox 457 2445 1382 2533; baseline 0.003 -28"><span class='ocrx_word' id='word_1_130' title='bbox 457 2467 459 2470; x_wconf 86' lang='lat'>·</span> <span class='ocrx_word' id='word_1_131' title='bbox 532 2445 615 2520; x_wconf 70' lang='lat' dir='ltr'><strong>Ecca⁴</strong></span> <span class='ocrx_word' id='word_1_132' title='bbox 634 2447 750 2507; x_wconf 84' lang='lat' dir='ltr'><strong>Caesar</strong></span> <span class='ocrx_word' id='word_1_133' title='bbox 770 2469 846 2507; x_wconf 82' lang='lat' dir='ltr'><strong>nunc</strong></span> <span class='ocrx_word' id='word_1_134' title='bbox 867 2447 1040 2527; x_wconf 74' lang='lat' dir='ltr'><strong>triumphat,</strong></span> <span class='ocrx_word' id='word_1_135' title='bbox 1062 2447 1241 2527; x_wconf 72' lang='lat' dir='ltr'><strong>quisubegit</strong></span> <span class='ocrx_word' id='word_1_136' title='bbox 1253 2447 1382 2533; x_wconf 78' lang='lat' dir='ltr'><strong>Gallias,</strong></span> 
     </span>
     <span class='ocr_line' id='line_1_20' title="bbox 531 2548 1382 2629; baseline 0.007 -22"><span class='ocrx_word' id='word_1_137' title='bbox 531 2548 709 2609; x_wconf 83' lang='lat' dir='ltr'><strong>Nicomedes</strong></span> <span class='ocrx_word' id='word_1_138' title='bbox 730 2571 786 2609; x_wconf 85' lang='lat' dir='ltr'><strong>nau</strong></span> <span class='ocrx_word' id='word_1_139' title='bbox 806 2551 978 2629; x_wconf 78' lang='lat' dir='ltr'><strong>triumphat,</strong></span> <span class='ocrx_word' id='word_1_140' title='bbox 999 2551 1054 2629; x_wconf 83' lang='lat' dir='ltr'><strong>qui</strong></span> <span class='ocrx_word' id='word_1_141' title='bbox 1070 2549 1188 2623; x_wconf 75' lang='lat' dir='ltr'><strong>subegit</strong></span> <span class='ocrx_word' id='word_1_142' title='bbox 1212 2549 1382 2613; x_wconf 84' lang='lat' dir='ltr'><strong>Caesarem.</strong></span> 
     </span>
     <span class='ocr_line' id='line_1_21' title="bbox 321 2647 1383 2732; baseline 0.001 -21"><span class='ocrx_word' id='word_1_143' title='bbox 321 2649 453 2711; x_wconf 88' lang='lat' dir='ltr'><strong>alteram</strong></span> <span class='ocrx_word' id='word_1_144' title='bbox 471 2657 599 2732; x_wconf 89' lang='lat' dir='ltr'><strong>partem</strong></span> <span class='ocrx_word' id='word_1_145' title='bbox 617 2647 755 2710; x_wconf 89' lang='lat' dir='ltr'><strong>militum</strong></span> <span class='ocrx_word' id='word_1_146' title='bbox 773 2647 925 2710; x_wconf 87' lang='lat' dir='ltr'><strong>cecinisse</strong></span> <span class='ocrx_word' id='word_1_147' title='bbox 943 2648 1139 2726; x_wconf 87' lang='lat' dir='ltr'><strong>conjecerim</strong></span> <span class='ocrx_word' id='word_1_148' title='bbox 1155 2647 1268 2710; x_wconf 90' lang='lat' dir='ltr'><strong>verba:</strong></span> <span class='ocrx_word' id='word_1_149' title='bbox 1291 2652 1383 2712; x_wconf 78' lang='lat' dir='ltr'><strong>„Gal-</strong></span> 
     </span>
     <span class='ocr_line' id='line_1_22' title="bbox 321 2739 1381 2837; baseline -0.001 -24"><span class='ocrx_word' id='word_1_150' title='bbox 321 2757 378 2813; x_wconf 88' lang='lat' dir='ltr'><strong>lias</strong></span> <span class='ocrx_word' id='word_1_151' title='bbox 401 2752 516 2812; x_wconf 86' lang='lat' dir='ltr'><strong>Cacsar</strong></span> <span class='ocrx_word' id='word_1_152' title='bbox 535 2754 677 2827; x_wconf 69' lang='lat' dir='ltr'><strong>subegit,“</strong></span> <span class='ocrx_word' id='word_1_153' title='bbox 699 2749 739 2812; x_wconf 92' lang='lat' dir='ltr'><strong>ad</strong></span> <span class='ocrx_word' id='word_1_154' title='bbox 762 2773 845 2837; x_wconf 88' lang='lat' dir='ltr'><strong>quae</strong></span> <span class='ocrx_word' id='word_1_155' title='bbox 867 2750 975 2826; x_wconf 90' lang='lat' dir='ltr'><strong>altera,</strong></span> <span class='ocrx_word' id='word_1_156' title='bbox 998 2739 1140 2813; x_wconf 77' lang='lat' dir='ltr'><strong>Caesaris</strong></span> <span class='ocrx_word' id='word_1_157' title='bbox 1162 2748 1294 2813; x_wconf 82' lang='lat' dir='ltr'><strong>foedam</strong></span> <span class='ocrx_word' id='word_1_158' title='bbox 1306 2773 1381 2812; x_wconf 89' lang='lat' dir='ltr'><strong>cum</strong></span> 
     </span>
     <span class='ocr_line' id='line_1_23' title="bbox 321 2850 1382 2936; baseline -0.001 -20"><span class='ocrx_word' id='word_1_159' title='bbox 321 2850 516 2924; x_wconf 35' lang='lat' dir='ltr'><strong>Nicomede,</strong></span> <span class='ocrx_word' id='word_1_160' title='bbox 534 2851 722 2914; x_wconf 87' lang='lat' dir='ltr'><strong>societatem</strong></span> <span class='ocrx_word' id='word_1_161' title='bbox 750 2850 921 2936; x_wconf 78' lang='lat' dir='ltr'><strong>castigans,</strong></span> <span class='ocrx_word' id='word_1_162' title='bbox 959 2863 1162 2915; x_wconf 87' lang='lat' dir='ltr'><strong>occentaret:</strong></span> <span class='ocrx_word' id='word_1_163' title='bbox 1204 2855 1382 2916; x_wconf 83' lang='lat' dir='ltr'><strong>Nicomedes</strong></span> 
     </span>
     <span class='ocr_line' id='line_1_24' title="bbox 322 2953 1383 3040; baseline -0.005 -19"><span class='ocrx_word' id='word_1_164' title='bbox 322 2959 492 3030; x_wconf 83' lang='lat' dir='ltr'><strong>Caesarem,</strong></span> <span class='ocrx_word' id='word_1_165' title='bbox 516 2968 683 3040; x_wconf 88' lang='lat' dir='ltr'><strong>quumque</strong></span> <span class='ocrx_word' id='word_1_166' title='bbox 705 2953 748 3015; x_wconf 92' lang='lat' dir='ltr'><strong>illi</strong></span> <span class='ocrx_word' id='word_1_167' title='bbox 772 2954 890 3019; x_wconf 88' lang='lat' dir='ltr'><strong>iterum</strong></span> <span class='ocrx_word' id='word_1_168' title='bbox 913 2953 1065 3016; x_wconf 89' lang='lat' dir='ltr'><strong>victoriae</strong></span> <span class='ocrx_word' id='word_1_169' title='bbox 1088 2953 1205 3037; x_wconf 77' lang='lat' dir='ltr'><strong>gaudio</strong></span> <span class='ocrx_word' id='word_1_170' title='bbox 1229 2953 1301 3017; x_wconf 88' lang='lat' dir='ltr'><strong>elati</strong></span> <span class='ocrx_word' id='word_1_171' title='bbox 1319 2954 1383 3016; x_wconf 88' lang='lat' dir='ltr'><strong>cla-</strong></span> 
     </span>
     <span class='ocr_line' id='line_1_25' title="bbox 320 3056 1382 3140; baseline -0.002 -18"><span class='ocrx_word' id='word_1_172' title='bbox 320 3056 481 3121; x_wconf 58' lang='lat' dir='ltr'><strong>massent}</strong></span> <span class='ocrx_word' id='word_1_173' title='bbox 507 3059 588 3118; x_wconf 84' lang='lat' dir='ltr'><strong>Ecce</strong></span> <span class='ocrx_word' id='word_1_174' title='bbox 612 3059 730 3118; x_wconf 88' lang='lat' dir='ltr'><strong>Cacsar</strong></span> <span class='ocrx_word' id='word_1_175' title='bbox 750 3081 825 3118; x_wconf 88' lang='lat' dir='ltr'><strong>nunc</strong></span> <span class='ocrx_word' id='word_1_176' title='bbox 847 3060 1020 3139; x_wconf 88' lang='lat' dir='ltr'><strong>triumphat,</strong></span> <span class='ocrx_word' id='word_1_177' title='bbox 1043 3061 1097 3140; x_wconf 84' lang='lat' dir='ltr'><strong>qui</strong></span> <span class='ocrx_word' id='word_1_178' title='bbox 1113 3061 1233 3134; x_wconf 77' lang='lat' dir='ltr'><strong>subegit</strong></span> <span class='ocrx_word' id='word_1_179' title='bbox 1253 3061 1382 3134; x_wconf 87' lang='lat' dir='ltr'><strong>Gallias,</strong></span> 
     </span>
     <span class='ocr_line' id='line_1_26' title="bbox 319 3157 1383 3244; baseline 0 -20"><span class='ocrx_word' id='word_1_180' title='bbox 319 3157 381 3224; x_wconf 88' lang='lat' dir='ltr'><strong>bos</strong></span> <span class='ocrx_word' id='word_1_181' title='bbox 404 3160 571 3244; x_wconf 90' lang='lat' dir='ltr'><strong>inceptum</strong></span> <span class='ocrx_word' id='word_1_182' title='bbox 594 3159 705 3236; x_wconf 88' lang='lat' dir='ltr'><strong>jocum</strong></span> <span class='ocrx_word' id='word_1_183' title='bbox 732 3159 958 3221; x_wconf 86' lang='lat' dir='ltr'><strong>continuantes</strong></span> <span class='ocrx_word' id='word_1_184' title='bbox 985 3159 1211 3244; x_wconf 86' lang='lat' dir='ltr'><strong>respondisse:</strong></span> <span class='ocrx_word' id='word_1_185' title='bbox 1243 3163 1383 3224; x_wconf 85' lang='lat' dir='ltr'><strong>Nicome-</strong></span> 
     </span>
     <span class='ocr_line' id='line_1_27' title="bbox 319 3263 1052 3345; baseline -0.004 -18"><span class='ocrx_word' id='word_1_186' title='bbox 319 3269 372 3328; x_wconf 84' lang='lat' dir='ltr'><strong>des</strong></span> <span class='ocrx_word' id='word_1_187' title='bbox 394 3288 451 3325; x_wconf 85' lang='lat' dir='ltr'><strong>aaa</strong></span> <span class='ocrx_word' id='word_1_188' title='bbox 474 3265 648 3344; x_wconf 76' lang='lat' dir='ltr'><strong>triumphat,</strong></span> <span class='ocrx_word' id='word_1_189' title='bbox 672 3265 726 3345; x_wconf 84' lang='lat' dir='ltr'><strong>qui</strong></span> <span class='ocrx_word' id='word_1_190' title='bbox 743 3265 862 3338; x_wconf 74' lang='lat' dir='ltr'><strong>subegit</strong></span> <span class='ocrx_word' id='word_1_191' title='bbox 883 3263 1052 3324; x_wconf 77' lang='lat' dir='ltr'><strong>Gdesarem.</strong></span> 
     </span>
    </p>

    <p class='ocr_par' dir='ltr' id='par_1_6' title="bbox 319 3361 1381 3651">
     <span class='ocr_line' id='line_1_28' title="bbox 404 3361 1381 3439; baseline 0.003 -13"><span class='ocrx_word' id='word_1_192' title='bbox 404 3363 495 3426; x_wconf 84' lang='lat' dir='ltr'><strong>Idem</strong></span> <span class='ocrx_word' id='word_1_193' title='bbox 520 3361 777 3425; x_wconf 87' lang='lat' dir='ltr'><strong>animadvertere</strong></span> <span class='ocrx_word' id='word_1_194' title='bbox 799 3361 888 3439; x_wconf 88' lang='lat' dir='ltr'><strong>licet,</strong></span> <span class='ocrx_word' id='word_1_195' title='bbox 909 3361 959 3425; x_wconf 90' lang='lat' dir='ltr'><strong>his</strong></span> <span class='ocrx_word' id='word_1_196' title='bbox 981 3365 1127 3427; x_wconf 85' lang='lat' dir='ltr'><strong>versibus</strong></span> <span class='ocrx_word' id='word_1_197' title='bbox 1150 3364 1182 3427; x_wconf 89' lang='lat' dir='ltr'><strong>in</strong></span> <span class='ocrx_word' id='word_1_198' title='bbox 1205 3362 1381 3429; x_wconf 88' lang='lat' dir='ltr'><strong>Caesarem</strong></span> 
     </span>
     <span class='ocr_line' id='line_1_29' title="bbox 319 3463 1381 3554; baseline 0.002 -25"><span class='ocrx_word' id='word_1_199' title='bbox 319 3467 415 3550; x_wconf 78' lang='lat' dir='ltr'><strong>vulgo</strong></span> <span class='ocrx_word' id='word_1_200' title='bbox 450 3464 621 3541; x_wconf 79' lang='lat' dir='ltr'><strong>castitatis,</strong></span> <span class='ocrx_word' id='word_1_201' title='bbox 661 3488 763 3552; x_wconf 92' lang='lat' dir='ltr'><strong>quum</strong></span> <span class='ocrx_word' id='word_1_202' title='bbox 797 3463 969 3529; x_wconf 89' lang='lat' dir='ltr'><strong>Gallorum</strong></span> <span class='ocrx_word' id='word_1_203' title='bbox 1002 3465 1166 3552; x_wconf 87' lang='lat' dir='ltr'><strong>principes</strong></span> <span class='ocrx_word' id='word_1_204' title='bbox 1198 3466 1322 3554; x_wconf 84' lang='lat' dir='ltr'><strong>aliquot</strong></span> <span class='ocrx_word' id='word_1_205' title='bbox 1347 3468 1381 3531; x_wconf 91' lang='lat' dir='ltr'><strong>in</strong></span> 
     </span>
     <span class='ocr_line' id='line_1_30' title="bbox 319 3566 684 3651; baseline -0.014 -19"><span class='ocrx_word' id='word_1_206' title='bbox 319 3581 467 3632; x_wconf 88' lang='lat' dir='ltr'><strong>senatum</strong></span> <span class='ocrx_word' id='word_1_207' title='bbox 489 3566 684 3651; x_wconf 87' lang='lat' dir='ltr'><strong>recepisset:</strong></span> 
     </span>
    </p>

    <p class='ocr_par' dir='ltr' id='par_1_7' title="bbox 318 3672 1379 3859">
     <span class='ocr_line' id='line_1_31' title="bbox 318 3672 1379 3755; baseline 0.002 -21"><span class='ocrx_word' id='word_1_208' title='bbox 318 3672 382 3734; x_wconf 83' lang='lat' dir='ltr'><strong>Na.</strong></span> <span class='ocrx_word' id='word_1_209' title='bbox 396 3676 446 3733; x_wconf 78' lang='lat'><strong>22.</strong></span> <span class='ocrx_word' id='word_1_210' title='bbox 480 3674 586 3733; x_wconf 86' lang='lat' dir='ltr'><strong>Gallos</strong></span> <span class='ocrx_word' id='word_1_211' title='bbox 605 3673 721 3732; x_wconf 87' lang='lat' dir='ltr'><strong>Caesar</strong></span> <span class='ocrx_word' id='word_1_212' title='bbox 736 3676 766 3732; x_wconf 85' lang='lat' dir='ltr'><strong>in</strong></span> <span class='ocrx_word' id='word_1_213' title='bbox 782 3675 958 3755; x_wconf 88' lang='lat' dir='ltr'><strong>triumphum</strong></span> <span class='ocrx_word' id='word_1_214' title='bbox 971 3675 1063 3747; x_wconf 87' lang='lat' dir='ltr'><strong>ducit,</strong></span> <span class='ocrx_word' id='word_1_215' title='bbox 1085 3676 1162 3735; x_wconf 88' lang='lat' dir='ltr'><strong>idem</strong></span> <span class='ocrx_word' id='word_1_216' title='bbox 1178 3676 1208 3734; x_wconf 87' lang='lat' dir='ltr'><strong>in</strong></span> <span class='ocrx_word' id='word_1_217' title='bbox 1226 3677 1379 3749; x_wconf 82' lang='lat' dir='ltr'><strong>curiam⁸).</strong></span> 
     </span>
     <span class='ocr_line' id='line_1_32' title="bbox 483 3776 1379 3859; baseline 0.004 -26"><span class='ocrx_word' id='word_1_218' title='bbox 483 3776 569 3835; x_wconf 87' lang='lat' dir='ltr'><strong>Galli</strong></span> <span class='ocrx_word' id='word_1_219' title='bbox 582 3776 707 3836; x_wconf 84' lang='lat' dir='ltr'><strong>braccas</strong></span> <span class='ocrx_word' id='word_1_220' title='bbox 719 3776 926 3857; x_wconf 85' lang='lat' dir='ltr'><strong>deposuerunt,</strong></span> <span class='ocrx_word' id='word_1_221' title='bbox 948 3781 1042 3838; x_wconf 88' lang='lat' dir='ltr'><strong>latum</strong></span> <span class='ocrx_word' id='word_1_222' title='bbox 1058 3779 1172 3838; x_wconf 79' lang='lat' dir='ltr'><strong>clarum</strong></span> <span class='ocrx_word' id='word_1_223' title='bbox 1182 3789 1379 3859; x_wconf 87' lang='lat' dir='ltr'><strong>sumpserunt.</strong></span> 
     </span>
    </p>
   </div>
   <div class='ocr_carea' id='block_1_4' title="bbox 320 3940 527 3949">
    <p class='ocr_par' dir='ltr' id='par_1_8' title="bbox 320 3940 527 3949">
     <span class='ocr_line' id='line_1_33' title="bbox 320 3940 527 3949; baseline 0 0"><span class='ocrx_word' id='word_1_224' title='bbox 320 3940 527 3949; x_wconf 60' lang='grc' dir='ltr'><em>...α-..-</em></span> 
     </span>
    </p>
   </div>
   <div class='ocr_carea' id='block_1_5' title="bbox 377 4035 1380 4291">
    <p class='ocr_par' dir='ltr' id='par_1_9' title="bbox 377 4035 1380 4291">
     <span class='ocr_line' id='line_1_34' title="bbox 377 4035 1379 4117; baseline 0.011 -26"><span class='ocrx_word' id='word_1_225' title='bbox 377 4035 401 4104; x_wconf 81' lang='lat'><strong>⁵)</strong></span> <span class='ocrx_word' id='word_1_226' title='bbox 421 4039 531 4092; x_wconf 88' lang='lat' dir='ltr'><strong>Sueton.</strong></span> <span class='ocrx_word' id='word_1_227' title='bbox 555 4038 731 4094; x_wconf 74' lang='lat' dir='ltr'><strong>Caeselli.</strong></span> <span class='ocrx_word' id='word_1_228' title='bbox 758 4041 903 4096; x_wconf 89' lang='lat' dir='ltr'><strong>Dolabella</strong></span> <span class='ocrx_word' id='word_1_229' title='bbox 931 4041 1086 4098; x_wconf 89' lang='lat' dir='ltr'><strong>Caesarem:</strong></span> <span class='ocrx_word' id='word_1_230' title='bbox 1118 4043 1240 4117; x_wconf 88' lang='lat' dir='ltr'><strong>pellicem</strong></span> <span class='ocrx_word' id='word_1_231' title='bbox 1263 4045 1379 4117; x_wconf 82' lang='lat' dir='ltr'><strong>reginae,</strong></span> 
     </span>
     <span class='ocr_line' id='line_1_35' title="bbox 419 4126 1380 4199; baseline 0.012 -19"><span class='ocrx_word' id='word_1_232' title='bbox 419 4126 547 4198; x_wconf 87' lang='lat' dir='ltr'><strong>spondam</strong></span> <span class='ocrx_word' id='word_1_233' title='bbox 571 4127 726 4182; x_wconf 88' lang='lat' dir='ltr'><strong>interiorem</strong></span> <span class='ocrx_word' id='word_1_234' title='bbox 750 4130 836 4199; x_wconf 83' lang='lat' dir='ltr'><strong>regiae</strong></span> <span class='ocrx_word' id='word_1_235' title='bbox 865 4129 987 4195; x_wconf 87' lang='lat' dir='ltr'><strong>lecticae,</strong></span> <span class='ocrx_word' id='word_1_236' title='bbox 1015 4131 1113 4188; x_wconf 91' lang='lat' dir='ltr'><strong>Curio:</strong></span> <span class='ocrx_word' id='word_1_237' title='bbox 1145 4133 1275 4188; x_wconf 89' lang='lat' dir='ltr'><strong>stabulum</strong></span> <span class='ocrx_word' id='word_1_238' title='bbox 1298 4134 1380 4192; x_wconf 87' lang='lat' dir='ltr'><strong>Nico·</strong></span> 
     </span>
     <span class='ocr_line' id='line_1_36' title="bbox 418 4214 1055 4291; baseline 0.008 -22"><span class='ocrx_word' id='word_1_239' title='bbox 418 4214 503 4269; x_wconf 88' lang='lat' dir='ltr'><strong>medis</strong></span> <span class='ocrx_word' id='word_1_240' title='bbox 521 4228 548 4270; x_wconf 88' lang='lat' dir='ltr'><strong>et</strong></span> <span class='ocrx_word' id='word_1_241' title='bbox 565 4215 737 4286; x_wconf 82' lang='lat' dir='ltr'><strong>Bithynicum</strong></span> <span class='ocrx_word' id='word_1_242' title='bbox 754 4218 884 4274; x_wconf 85' lang='lat' dir='ltr'><strong>fornicem</strong></span> <span class='ocrx_word' id='word_1_243' title='bbox 902 4220 1055 4291; x_wconf 81' lang='lat' dir='ltr'><strong>appellarit.</strong></span> 
     </span>
    </p>
   </div>
   <div class='ocr_carea' id='block_1_6' title="bbox 378 4302 729 4370">
    <p class='ocr_par' dir='ltr' id='par_1_10' title="bbox 378 4302 729 4370">
     <span class='ocr_line' id='line_1_37' title="bbox 378 4302 729 4370; baseline 0 -13"><span class='ocrx_word' id='word_1_244' title='bbox 378 4302 403 4370; x_wconf 82' lang='lat'><strong>⁸)</strong></span> <span class='ocrx_word' id='word_1_245' title='bbox 422 4303 534 4360; x_wconf 75' lang='lat' dir='ltr'><strong>Sueton.</strong></span> <span class='ocrx_word' id='word_1_246' title='bbox 552 4302 628 4359; x_wconf 89' lang='lat' dir='ltr'><strong>Caes.</strong></span> <span class='ocrx_word' id='word_1_247' title='bbox 647 4326 669 4360; x_wconf 89' lang='lat' dir='ltr'><strong>c.</strong></span> <span class='ocrx_word' id='word_1_248' title='bbox 687 4305 729 4360; x_wconf 81' lang='lat'><strong>80.</strong></span> 
     </span>
    </p>
   </div>
   <div class='ocr_carea' id='block_1_7' title="bbox 0 0 1704 5042">
    <p class='ocr_par' dir='ltr' id='par_1_11' title="bbox 0 0 1704 5042">
     <span class='ocr_line' id='line_1_38' title="bbox 0 0 1704 5042; baseline 0 3"><span class='ocrx_word' id='word_1_249' title='bbox 0 0 1704 5042; x_wconf 95' lang='lat' dir='ltr'><strong> </strong></span> 
     </span>
    </p>
   </div>
  </div>
 </body>
</html>
