3400 5042
808 537 934 634 ³11,

321 711 477 802 quoniam
499 710 539 777 de
561 715 717 800 perverso
737 711 945 801 potissimum
966 725 1070 802 partu,
1096 726 1132 780 ut
1157 715 1199 782 de
1226 702 1376 806 prodigio

321 827 431 881 eontra
454 817 605 880 naturam
625 814 720 880 edito·
735 813 916 881 existebant
935 812 1151 883 veridicarum
1177 818 1378 888 feminarum

319 917 564 1007 praedictiones,
580 919 794 1000 conjecturae,
808 917 1102 1006 interpretationes,
1122 920 1220 986 etiam
1236 925 1378 991 carmina

320 1020 508 1103 hujusmodi
541 1024 650 1086 vatum
678 1043 835 1109 perversa
867 1022 1137 1103 nominabantur,
1169 1025 1256 1114 quia
1277 1026 1310 1091 in
1342 1027 1379 1093 iis

322 1115 453 1214 quoque
481 1123 612 1212 aliquid·
629 1123 732 1188 insani
761 1134 793 1200 et
818 1122 995 1203 furibundi,
1010 1124 1112 1214 ¹quod
1135 1125 1339 1194 abhorreret
1360 1153 1377 1195 a

320 1227 487 1296 communi
501 1228 682 1316 «jejunoque
703 1223 878 1291 hominurn
900 1249 1011 1307 sensu,
1032 1228 1135 1294 inesse
1147 1228 1326 1312 videbatur,
1347 1244 1380 1298 et

308 1344 357 1397 ut
377 1336 487 1398 rectus
504 1341 635 1420 partus,
650 1329 693 1394 ita
715 1351 793 1394 sana
814 1342 846 1394 et
867 1329 1051 1396 communis
1079 1331 1181 1398 oratio
1202 1355 1300 1422 prosa
1323 1357 1378 1424 ap·

321 1435 518 1524 pellabatur,
543 1454 571 1474 ··
1088 1459 1090 1462 ’
1355 1454 1365 1461 ··

403 1538 481 1601 Jarn
501 1539 538 1600 ut
559 1536 600 1600 de
621 1534 801 1601 carminum
823 1558 841 1599 a
864 1534 989 1601 vatibus
1011 1539 1379 1628 cantatorum-amplitu-

322 1643 396 1706 dine
417 1653 450 1705 et
470 1638 581 1704 indole
601 1638 743 1721 judicare
765 1638 927 1724 possimus
938 1640 1172 1725 quaerendum,
1197 1638 1276 1730 quid
1297 1645 1378 1708 anti-

323 1746 377 1834 qui
405 1743 578 1830 scriptores
609 1741 649 1805 de
678 1742 714 1805 iis
741 1741 878 1819 tradant,
900 1741 989 1828 quod
1010 1731 1377 1811 tenues-tantummodo

324 1847 484 1940 quaedam
512 1854 625 1910 earum
652 1844 869 1932 reliquiae'ad
891 1857 1037 1910 nostram
1063 1859 1201 1912 aetatem
1223 1872 1379 1935 pervene-

324 1951 408 2017 runt.
443 1948 597 2019 Horatius
619 1947 715 2034 igitur
736 1970 858 2011 annosa
879 1959 990 2012 vatum
1013 1947 1177 2015 volumina
1205 1943 1378 2033 memorat,

322 2079 405 2143 quae
426 2076 495 2117 non
516 2050 605 2138 epica
628 2051 769 2114 carmina
792 2049 990 2114 continuisse
1011 2062 1085 2116 cu'm
1107 2041 1159 2117 res
1180 2053 1247 2140 ipsa
1275 2054 1379 2135 docet,

305 2171 394 2222 ‘tum'
418 2154 588 2220 Ciceronis
605 2153 683 2216 'loco
713 2153 838 2239 optime
862 2153 1064 2240 perspicitur,
1085 2156 1139 2219 ubi
1160 2155 1278 2242 legitur
1297 2149 1379 2224 lato-

246 2248 248 2253 *
327 2284 401 2325 rum
423 2254 805 2346 veteres-praedictiones
827 2257 986 2344 Apollinis
1017 2269 1128 2322 vatum
1160 2257 1249 2323 libris
1277 2263 1379 2326 conti·

322 2365 407 2440 neri;
429 2384 511 2449 quae
533 2357 668 2447 quidem
690 2359 788 2424 verba
811 2360 961 2424 Valerius
982 2361 1145 2426 Maximus
1166 2384 1266 2449 quam
1287 2387 1380 2428 accu-

322 2466 481 2532 ratissime
503 2487 521 2528 e
544 2459 928 2550 Ciceronenexseripsisse
949 2462 1085 2531 videtur.
1107 2467 1137 2545 ⁹)
1167 2464 1279 2530 Fuisse
1301 2491 1379 2532 vero

324 2562 390 2653 jam
406 2564 642 2654 'antiquissimis
664 2567 867 2653 temporibus
889 2566 1049 2648 ejusmodi
1071 2577 1183 2631 vatum
1204 2566 1315 2647 libros,
1348 2581 1379 2634 et

259 2678 262 2687 “
325 2672 433 2738 sabula
456 2670 496 2735 de
519 2667 640 2756 Sibylla
664 2680 696 2733 et
716 2669 896 2757 Tarquinio
917 2691 993 2755 rege
1014 2669 1129 2734 tradita
1156 2669 1331 2757 colligitur,
1349 2684 1381 2737 et

323 2777 398 2840 inde
421 2772 624 2860 conspicitur,
644 2771 732 2859 quod
755 2770 843 2836 bello
871 2771 994 2835 Punico
1016 2771 1159 2836 secundo
1187 2775 1380 2862 conquisitio

322 2874 622 2944 taliumlibror'um
650 2873 748 2938 fiebat
771 2879 823 2954 ¹⁰);
856 2873 942 2938 unde
969 2874 1114 2961 sequitur
1139 2875 1248 2961 priore
1270 2889 1381 2958 aetate,

324 2983 421 3047 etiam
442 2979 546 3066 magis
560 2979 694 3066 ¹vigente
715 2977 953 3064 superstitione,
980 2977 1101 3040 similes
1126 2976 1287 3043 institutas
1313 3004 1381 3045 esse

322 3084 582 3174 praedictionum
620 3081 843 3156 collectionem
891 3082 982 3162 cujus
1017 3079 1144 3166 generis
1172 3081 1382 3148 collectiones

326 3189 422 3254 etiam
455 3186 555 3250 libros
577 3185 755 3274 Sibyllinos
787 3183 886 3247 fuisse
919 3182 1069 3246 admixtis
1119 3182 1217 3248 etiam
1249 3185 1382 3251 Graecis

326 3292 470 3356 versibus
492 3286 632 3353 maxime
656 3298 911 3351 consentaneum
933 3285 1069 3350 videtur.
1085 3288 1125 3366 ¹¹)
1157 3286 1283 3352 Eadem
1304 3313 1382 3354 vero

325 3419 400 3459 cum
426 3393 477 3457 his
506 3392 650 3456 custodia
678 3391 774 3456 etiam
802 3387 1043 3454 vaticinationes
1072 3389 1199 3473 Begoes
1227 3391 1382 3457 Etruscae

326 3485 499 3588 nymphae,
521 3491 670 3559 Albanae
693 3485 897 3570 Tiburtinae,
914 3490 1058 3569 Publicii,
1078 3487 1280 3556 Marciorum
1295 3493 1383 3559 deni-

381 3786 382 3791 ,
428 3725 470 3779 Cf.
489 3726 622 3796 Hartung.
639 3723 697 3778 Rel.
716 3726 792 3778 Rom.
811 3743 837 3793 p.
856 3719 914 3774 199.
932 3741 970 3792 sq.
1006 3719 1125 3773 Similem
1149 3719 1256 3791 quidem
1279 3721 1314 3777 de
1334 3722 1384 3778 Ca·

330 3811 332 3814 ⁴
427 3815 510 3868 menis
528 3828 606 3886 atque
625 3812 767 3866 Carmenta
788 3810 892 3883 profert
909 3807 1075 3879 Hartuugius
1100 3820 1209 3863 nostrae
1227 3812 1383 3866 sententiae.

428 3905 445 3956 l.
464 3926 485 3958 c.
504 3925 531 3976 p.
549 3905 608 3956 202.
627 3923 665 3973 sq.
684 3914 712 3955 at
729 3900 857 3953 Camenas
876 3897 955 3951 luisse
973 3897 1076 3950 easdem
1094 3917 1125 3952 ac
1139 3896 1278 3955 bareslc.
1289 3901 1382 3972 ptos.

427 4013 591 4065 nequaquam
609 4001 816 4064 consentaneum
835 3999 883 4042 est.
1328 3995 1330 3998 ’

319 4090 321 4094 ”
377 4081 402 4150 ⁹)
431 4082 486 4135 Cic.
505 4082 538 4134 de
557 4083 672 4152 Harusp.
690 4098 809 4150 respons.
829 4077 878 4140 lx,
896 4074 955 4128 Val.
974 4075 1046 4128 Max,
1065 4075 1084 4138 l,
1103 4074 1128 4140 l,
1146 4074 1170 4127 l.

363 4169 401 4238 ὀ)
420 4150 480 4224 'nie
500 4167 586 4232 xxv,
606 4168 645 4221 12.

342 4269 345 4275 '
376 4257 413 4329 ¹¹)
428 4259 469 4313 Cf.
493 4260 539 4311 Fr.
562 4257 593 4310 A.
618 4256 723 4310 Wolff.
759 4257 852 4330 Antiq.
875 4258 951 4311 Rom.
975 4257 1010 4312 ad
1033 4256 1161 4313 Guertler
1179 4266 1207 4310 et
1224 4252 1381 4308 Hoffmann.

360 4371 362 4375 ’
428 4347 518 4420 Leipz.
537 4344 612 4401 1832.
631 4367 681 4402 see
702 4346 736 4401 de
755 4344 935 4402 sacerdotibus
952 4345 1101 4417 Sibyllinis.
